|inactive|Battle timer is ON: inactive players will automatically lose when time's up.
|t:|1721495075
|gametype|singles
|player|p1|Siatam|#siatam|
|player|p2|mrsoup|#umpliiimiraidons|
|teamsize|p1|6
|teamsize|p2|6
|gen|2
|tier|[Gen 2] OU
|rule|Sleep Clause Mod: Limit one foe put to sleep
|rule|Freeze Clause Mod: Limit one foe frozen
|rule|Species Clause: Limit one of each Pokémon
|rule|OHKO Clause: OHKO moves are banned
|rule|Evasion Items Clause: Evasion items are banned
|rule|Evasion Moves Clause: Evasion moves are banned
|rule|Endless Battle Clause: Forcing endless battles is banned
|rule|HP Percentage Mod: HP is shown in percentages
|
|t:|1721495075
|start
|switch|p1a: Nidoking|Nidoking, M|100/100
|switch|p2a: Exeggutor|Exeggutor, M|100/100
|turn|1
|inactive|Siatam also wants the timer to be on.
|inactive|mrsoup also wants the timer to be on.
|c|☆mrsoup|hf
|c|☆Siatam|hf
|
|t:|1721495091
|switch|p2a: Snorlax|Snorlax, M|100/100
|move|p1a: Nidoking|Thief|p2a: Snorlax
|-damage|p2a: Snorlax|95/100
|-item|p1a: Nidoking|Leftovers|[from] move: Thief|[of] p2a: Snorlax
|
|upkeep
|turn|2
|
|t:|1721495103
|switch|p1a: Forretress|Forretress, M|100/100
|switch|p2a: Exeggutor|Exeggutor, M|100/100
|
|upkeep
|turn|3
|
|t:|1721495108
|switch|p1a: Zapdos|Zapdos|100/100
|move|p2a: Exeggutor|Stun Spore|p1a: Zapdos|[miss]
|-miss|p2a: Exeggutor
|
|upkeep
|turn|4
|
|t:|1721495112
|switch|p1a: Forretress|Forretress, M|100/100
|move|p2a: Exeggutor|Stun Spore|p1a: Forretress
|-status|p1a: Forretress|par
|
|upkeep
|turn|5
|
|t:|1721495123
|switch|p2a: Cloyster|Cloyster, M|100/100
|move|p1a: Forretress|Spikes|p2a: Cloyster
|-sidestart|p2: mrsoup|Spikes
|
|upkeep
|turn|6
|
|t:|1721495126
|move|p2a: Cloyster|Spikes|p1a: Forretress
|-sidestart|p1: Siatam|Spikes
|move|p1a: Forretress|Toxic|p2a: Cloyster
|-status|p2a: Cloyster|tox
|
|upkeep
|turn|7
|c|+Laurel|which tour is this ?
|c|☆Siatam|gc finals
|
|t:|1721495154
|move|p2a: Cloyster|Clamp|p1a: Forretress|[miss]
|-miss|p2a: Cloyster
|-damage|p2a: Cloyster|95/100 tox|[from] psn
|move|p1a: Forretress|Rapid Spin|p2a: Cloyster
|-damage|p2a: Cloyster|91/100 tox
|-sideend|p1: Siatam|Spikes|[from] move: Rapid Spin|[of] p1a: Forretress
|
|-heal|p2a: Cloyster|97/100 tox|[from] item: Leftovers
|upkeep
|turn|8
|
|t:|1721495166
|move|p2a: Cloyster|Spikes|p1a: Forretress
|-sidestart|p1: Siatam|Spikes
|-damage|p2a: Cloyster|85/100 tox|[from] psn
|move|p1a: Forretress|Rapid Spin|p2a: Cloyster
|-damage|p2a: Cloyster|81/100 tox
|-sideend|p1: Siatam|Spikes|[from] move: Rapid Spin|[of] p1a: Forretress
|
|-heal|p2a: Cloyster|87/100 tox|[from] item: Leftovers
|upkeep
|turn|9
|
|t:|1721495173
|move|p2a: Cloyster|Clamp|p1a: Forretress
|-damage|p1a: Forretress|84/100 par
|-activate|p1a: Forretress|move: Clamp|[of] p2a: Cloyster
|-damage|p2a: Cloyster|69/100 tox|[from] psn
|move|p1a: Forretress|Toxic|p2a: Cloyster
|-fail|p2a: Cloyster|tox
|
|-damage|p1a: Forretress|78/100 par|[from] move: Clamp|[partiallytrapped]
|-heal|p2a: Cloyster|75/100 tox|[from] item: Leftovers
|-heal|p1a: Forretress|84/100 par|[from] item: Leftovers
|upkeep
|turn|10
|
|t:|1721495181
|move|p2a: Cloyster|Spikes|p1a: Forretress
|-sidestart|p1: Siatam|Spikes
|-damage|p2a: Cloyster|51/100 tox|[from] psn
|move|p1a: Forretress|Rapid Spin|p2a: Cloyster
|-crit|p2a: Cloyster
|-damage|p2a: Cloyster|44/100 tox
|-sideend|p1: Siatam|Spikes|[from] move: Rapid Spin|[of] p1a: Forretress
|-end|p1a: Forretress|Clamp|[partiallytrapped]
|
|-heal|p2a: Cloyster|50/100 tox|[from] item: Leftovers
|-heal|p1a: Forretress|90/100 par|[from] item: Leftovers
|upkeep
|turn|11
|
|t:|1721495188
|move|p2a: Cloyster|Spikes|p1a: Forretress
|-sidestart|p1: Siatam|Spikes
|-damage|p2a: Cloyster|20/100 tox|[from] psn
|cant|p1a: Forretress|par
|
|-heal|p2a: Cloyster|26/100 tox|[from] item: Leftovers
|-heal|p1a: Forretress|96/100 par|[from] item: Leftovers
|upkeep
|turn|12
|
|t:|1721495198
|switch|p1a: Gengar|Gengar, M|100/100
|-damage|p1a: Gengar|88/100|[from] Spikes
|move|p2a: Cloyster|Explosion|p1a: Gengar
|-immune|p1a: Gengar
|faint|p2a: Cloyster
|
|t:|1721495206
|switch|p2a: Umbreon|Umbreon, M|100/100
|-damage|p2a: Umbreon|88/100|[from] Spikes
|
|-heal|p1a: Gengar|94/100|[from] item: Leftovers
|-heal|p2a: Umbreon|94/100|[from] item: Leftovers
|upkeep
|turn|13
|inactive|Siatam has 270 seconds left.
|
|t:|1721495252
|move|p1a: Gengar|Hypnosis|p2a: Umbreon|[miss]
|-miss|p1a: Gengar
|move|p2a: Umbreon|Pursuit|p1a: Gengar
|-supereffective|p1a: Gengar
|-damage|p1a: Gengar|69/100
|
|-heal|p1a: Gengar|75/100|[from] item: Leftovers
|-heal|p2a: Umbreon|99/100|[from] item: Leftovers
|upkeep
|turn|14
|
|t:|1721495258
|move|p1a: Gengar|Hypnosis|p2a: Umbreon|[miss]
|-miss|p1a: Gengar
|move|p2a: Umbreon|Zap Cannon|p1a: Gengar|[miss]
|-miss|p2a: Umbreon
|
|-heal|p1a: Gengar|82/100|[from] item: Leftovers
|-heal|p2a: Umbreon|100/100|[from] item: Leftovers
|upkeep
|turn|15
|
|t:|1721495260
|move|p1a: Gengar|Hypnosis|p2a: Umbreon
|-status|p2a: Umbreon|slp|[from] move: Hypnosis
|cant|p2a: Umbreon|slp
|
|-heal|p1a: Gengar|88/100|[from] item: Leftovers
|upkeep
|turn|16
|
|t:|1721495264
|move|p1a: Gengar|Ice Punch|p2a: Umbreon
|-damage|p2a: Umbreon|85/100 slp
|cant|p2a: Umbreon|slp
|
|-heal|p1a: Gengar|94/100|[from] item: Leftovers
|-heal|p2a: Umbreon|91/100 slp|[from] item: Leftovers
|upkeep
|turn|17
|
|t:|1721495268
|-activate|p1a: Gengar|move: Pursuit
|cant|p2a: Umbreon|slp
|switch|p1a: Forretress|Forretress, M|96/100 par
|-damage|p1a: Forretress|84/100 par|[from] Spikes
|
|-heal|p2a: Umbreon|97/100 slp|[from] item: Leftovers
|-heal|p1a: Forretress|90/100 par|[from] item: Leftovers
|upkeep
|turn|18
|
|t:|1721495285
|cant|p2a: Umbreon|slp
|move|p1a: Forretress|Rapid Spin|p2a: Umbreon
|-damage|p2a: Umbreon|94/100 slp
|-sideend|p1: Siatam|Spikes|[from] move: Rapid Spin|[of] p1a: Forretress
|
|-heal|p2a: Umbreon|99/100 slp|[from] item: Leftovers
|-heal|p1a: Forretress|96/100 par|[from] item: Leftovers
|upkeep
|turn|19
|
|t:|1721495292
|cant|p2a: Umbreon|slp
|move|p1a: Forretress|Hidden Power|p2a: Umbreon
|-damage|p2a: Umbreon|92/100 slp
|
|-heal|p2a: Umbreon|98/100 slp|[from] item: Leftovers
|-heal|p1a: Forretress|100/100 par|[from] item: Leftovers
|upkeep
|turn|20
|
|t:|1721495300
|switch|p2a: Steelix|Steelix, M|100/100
|-damage|p2a: Steelix|88/100|[from] Spikes
|move|p1a: Forretress|Toxic|p2a: Steelix
|-immune|p2a: Steelix
|
|-heal|p2a: Steelix|94/100|[from] item: Leftovers
|upkeep
|turn|21
|
|t:|1721495304
|move|p2a: Steelix|Curse|p2a: Steelix
|-unboost|p2a: Steelix|spe|1
|-boost|p2a: Steelix|atk|1
|-boost|p2a: Steelix|def|1
|move|p1a: Forretress|Hidden Power|p2a: Steelix
|-supereffective|p2a: Steelix
|-damage|p2a: Steelix|66/100
|
|-heal|p2a: Steelix|72/100|[from] item: Leftovers
|upkeep
|turn|22
|
|t:|1721495306
|move|p2a: Steelix|Earthquake|p1a: Forretress
|-damage|p1a: Forretress|60/100 par
|move|p1a: Forretress|Hidden Power|p2a: Steelix
|-supereffective|p2a: Steelix
|-damage|p2a: Steelix|41/100
|
|-heal|p2a: Steelix|47/100|[from] item: Leftovers
|-heal|p1a: Forretress|66/100 par|[from] item: Leftovers
|upkeep
|turn|23
|
|t:|1721495317
|switch|p1a: Zapdos|Zapdos|100/100
|move|p2a: Steelix|Earthquake|p1a: Zapdos
|-immune|p1a: Zapdos
|
|-heal|p2a: Steelix|53/100|[from] item: Leftovers
|upkeep
|turn|24
|
|t:|1721495320
|move|p1a: Zapdos|Hidden Power|p2a: Steelix
|-damage|p2a: Steelix|29/100
|move|p2a: Steelix|Explosion|p1a: Zapdos
|-damage|p1a: Zapdos|0 fnt
|faint|p2a: Steelix
|faint|p1a: Zapdos
|
|t:|1721495334
|switch|p1a: Nidoking|Nidoking, M|100/100
|switch|p2a: Snorlax|Snorlax, M|95/100
|-damage|p2a: Snorlax|83/100|[from] Spikes
|
|upkeep
|turn|25
|
|t:|1721495336
|move|p1a: Nidoking|Earthquake|p2a: Snorlax
|-damage|p2a: Snorlax|53/100
|move|p2a: Snorlax|Body Slam|p1a: Nidoking
|-damage|p1a: Nidoking|65/100
|
|-heal|p1a: Nidoking|71/100|[from] item: Leftovers
|upkeep
|turn|26
|
|t:|1721495341
|move|p1a: Nidoking|Earthquake|p2a: Snorlax
|-damage|p2a: Snorlax|27/100
|move|p2a: Snorlax|Rest|p2a: Snorlax
|-status|p2a: Snorlax|slp|[from] move: Rest
|-heal|p2a: Snorlax|100/100 slp|[silent]
|
|-heal|p1a: Nidoking|77/100|[from] item: Leftovers
|upkeep
|turn|27
|
|t:|1721495353
|switch|p1a: Snorlax|Snorlax, M|100/100
|cant|p2a: Snorlax|slp
|move|p2a: Snorlax|Sleep Talk|p2a: Snorlax
|move|p2a: Snorlax|Body Slam|p1a: Snorlax|[from]Sleep Talk
|-damage|p1a: Snorlax|74/100
|
|-heal|p1a: Snorlax|80/100|[from] item: Leftovers
|upkeep
|turn|28
|
|t:|1721495356
|cant|p2a: Snorlax|slp
|move|p2a: Snorlax|Sleep Talk|p2a: Snorlax
|move|p2a: Snorlax|Body Slam|p1a: Snorlax|[from]Sleep Talk
|-damage|p1a: Snorlax|54/100
|-status|p1a: Snorlax|par
|move|p1a: Snorlax|Curse|p1a: Snorlax
|-unboost|p1a: Snorlax|spe|1
|-boost|p1a: Snorlax|atk|1
|-boost|p1a: Snorlax|def|1
|
|-heal|p1a: Snorlax|60/100 par|[from] item: Leftovers
|upkeep
|turn|29
|
|t:|1721495361
|-curestatus|p2a: Snorlax|slp|[msg]
|move|p2a: Snorlax|Curse|p2a: Snorlax
|-unboost|p2a: Snorlax|spe|1
|-boost|p2a: Snorlax|atk|1
|-boost|p2a: Snorlax|def|1
|move|p1a: Snorlax|Rest|p1a: Snorlax
|-status|p1a: Snorlax|slp|[from] move: Rest
|-heal|p1a: Snorlax|100/100 slp|[silent]
|
|upkeep
|turn|30
|
|t:|1721495363
|move|p2a: Snorlax|Curse|p2a: Snorlax
|-unboost|p2a: Snorlax|spe|1
|-boost|p2a: Snorlax|atk|1
|-boost|p2a: Snorlax|def|1
|cant|p1a: Snorlax|slp
|move|p1a: Snorlax|Sleep Talk|p1a: Snorlax
|move|p1a: Snorlax|Rest|p1a: Snorlax|[from]Sleep Talk
|-fail|p1a: Snorlax
|
|upkeep
|turn|31
|
|t:|1721495368
|cant|p1a: Snorlax|slp
|move|p1a: Snorlax|Sleep Talk|p1a: Snorlax
|move|p1a: Snorlax|Double-Edge|p2a: Snorlax|[from]Sleep Talk
|-damage|p2a: Snorlax|70/100
|-damage|p1a: Snorlax|93/100 slp|[from] Recoil|[of] p2a: Snorlax
|move|p2a: Snorlax|Curse|p2a: Snorlax
|-unboost|p2a: Snorlax|spe|1
|-boost|p2a: Snorlax|atk|1
|-boost|p2a: Snorlax|def|1
|
|-heal|p1a: Snorlax|99/100 slp|[from] item: Leftovers
|upkeep
|turn|32
|
|t:|1721495376
|switch|p1a: Gengar|Gengar, M|94/100
|move|p2a: Snorlax|Body Slam|p1a: Gengar
|-immune|p1a: Gengar
|
|-heal|p1a: Gengar|99/100|[from] item: Leftovers
|upkeep
|turn|33
|
|t:|1721495380
|switch|p2a: Umbreon|Umbreon, M|98/100 slp
|-damage|p2a: Umbreon|85/100 slp|[from] Spikes
|move|p1a: Gengar|Ice Punch|p2a: Umbreon
|-damage|p2a: Umbreon|70/100 slp
|
|-heal|p1a: Gengar|100/100|[from] item: Leftovers
|-heal|p2a: Umbreon|76/100 slp|[from] item: Leftovers
|upkeep
|turn|34
|
|t:|1721495383
|-activate|p1a: Gengar|move: Pursuit
|-curestatus|p2a: Umbreon|slp|[msg]
|move|p2a: Umbreon|Pursuit|p1a: Gengar|[from]Pursuit
|-supereffective|p1a: Gengar
|-damage|p1a: Gengar|47/100
|switch|p1a: Forretress|Forretress, M|66/100 par
|
|-heal|p2a: Umbreon|82/100|[from] item: Leftovers
|-heal|p1a: Forretress|72/100 par|[from] item: Leftovers
|upkeep
|turn|35
|
|t:|1721495391
|switch|p2a: Snorlax|Snorlax, M|70/100
|-damage|p2a: Snorlax|57/100|[from] Spikes
|move|p1a: Forretress|Toxic|p2a: Snorlax
|-status|p2a: Snorlax|tox
|
|-heal|p1a: Forretress|78/100 par|[from] item: Leftovers
|upkeep
|turn|36
|
|t:|1721495394
|switch|p1a: Snorlax|Snorlax, M|99/100 slp
|move|p2a: Snorlax|Rest|p2a: Snorlax
|-status|p2a: Snorlax|slp|[from] move: Rest
|-heal|p2a: Snorlax|100/100 slp|[silent]
|
|-heal|p1a: Snorlax|100/100 slp|[from] item: Leftovers
|upkeep
|turn|37
|
|t:|1721495398
|switch|p2a: Umbreon|Umbreon, M|82/100
|-damage|p2a: Umbreon|70/100|[from] Spikes
|-curestatus|p1a: Snorlax|slp|[msg]
|move|p1a: Snorlax|Double-Edge|p2a: Umbreon
|-damage|p2a: Umbreon|34/100
|-damage|p1a: Snorlax|94/100|[from] Recoil|[of] p2a: Umbreon
|
|-heal|p2a: Umbreon|40/100|[from] item: Leftovers
|-heal|p1a: Snorlax|99/100|[from] item: Leftovers
|upkeep
|turn|38
|
|t:|1721495406
|move|p2a: Umbreon|Moonlight|p2a: Umbreon
|-heal|p2a: Umbreon|90/100
|move|p1a: Snorlax|Double-Edge|p2a: Umbreon
|-damage|p2a: Umbreon|57/100
|-damage|p1a: Snorlax|94/100|[from] Recoil|[of] p2a: Umbreon
|
|-heal|p2a: Umbreon|63/100|[from] item: Leftovers
|-heal|p1a: Snorlax|99/100|[from] item: Leftovers
|upkeep
|turn|39
|
|t:|1721495409
|move|p2a: Umbreon|Charm|p1a: Snorlax
|-unboost|p1a: Snorlax|atk|2
|move|p1a: Snorlax|Double-Edge|p2a: Umbreon
|-damage|p2a: Umbreon|46/100
|-damage|p1a: Snorlax|97/100|[from] Recoil|[of] p2a: Umbreon
|
|-heal|p2a: Umbreon|52/100|[from] item: Leftovers
|-heal|p1a: Snorlax|100/100|[from] item: Leftovers
|upkeep
|turn|40
|
|t:|1721495412
|switch|p1a: Nidoking|Nidoking, M|77/100
|move|p2a: Umbreon|Moonlight|p2a: Umbreon
|-heal|p2a: Umbreon|100/100
|
|-heal|p1a: Nidoking|83/100|[from] item: Leftovers
|upkeep
|turn|41
|
|t:|1721495419
|switch|p2a: Snorlax|Snorlax, M|100/100 slp
|-damage|p2a: Snorlax|88/100 slp|[from] Spikes
|move|p1a: Nidoking|Ice Beam|p2a: Snorlax
|-damage|p2a: Snorlax|76/100 slp
|
|-heal|p1a: Nidoking|89/100|[from] item: Leftovers
|upkeep
|turn|42
|
|t:|1721495422
|switch|p1a: Snorlax|Snorlax, M|100/100
|cant|p2a: Snorlax|slp
|move|p2a: Snorlax|Sleep Talk|p2a: Snorlax
|move|p2a: Snorlax|Body Slam|p1a: Snorlax|[from]Sleep Talk
|-damage|p1a: Snorlax|72/100
|
|-heal|p1a: Snorlax|78/100|[from] item: Leftovers
|upkeep
|turn|43
|
|t:|1721495428
|cant|p2a: Snorlax|slp
|move|p2a: Snorlax|Sleep Talk|p2a: Snorlax
|move|p2a: Snorlax|Rest|p2a: Snorlax|[from]Sleep Talk
|-status|p2a: Snorlax|slp|[from] move: Rest
|-heal|p2a: Snorlax|100/100 slp|[silent]
|move|p1a: Snorlax|Curse|p1a: Snorlax
|-unboost|p1a: Snorlax|spe|1
|-boost|p1a: Snorlax|atk|1
|-boost|p1a: Snorlax|def|1
|
|-heal|p1a: Snorlax|84/100|[from] item: Leftovers
|upkeep
|turn|44
|
|t:|1721495433
|cant|p2a: Snorlax|slp
|move|p2a: Snorlax|Sleep Talk|p2a: Snorlax
|move|p2a: Snorlax|Body Slam|p1a: Snorlax|[from]Sleep Talk
|-damage|p1a: Snorlax|66/100
|-status|p1a: Snorlax|par
|move|p1a: Snorlax|Double-Edge|p2a: Snorlax
|-damage|p2a: Snorlax|40/100 slp
|-damage|p1a: Snorlax|51/100 par|[from] Recoil|[of] p2a: Snorlax
|
|-heal|p1a: Snorlax|57/100 par|[from] item: Leftovers
|upkeep
|turn|45
|
|t:|1721495438
|cant|p2a: Snorlax|slp
|move|p2a: Snorlax|Sleep Talk|p2a: Snorlax
|move|p2a: Snorlax|Body Slam|p1a: Snorlax|[from]Sleep Talk
|-damage|p1a: Snorlax|38/100 par
|move|p1a: Snorlax|Rest|p1a: Snorlax
|-status|p1a: Snorlax|slp|[from] move: Rest
|-heal|p1a: Snorlax|100/100 slp|[silent]
|
|upkeep
|turn|46
|
|t:|1721495443
|-curestatus|p2a: Snorlax|slp|[msg]
|move|p2a: Snorlax|Rest|p2a: Snorlax
|-status|p2a: Snorlax|slp|[from] move: Rest
|-heal|p2a: Snorlax|100/100 slp|[silent]
|cant|p1a: Snorlax|slp
|move|p1a: Snorlax|Sleep Talk|p1a: Snorlax
|move|p1a: Snorlax|Rest|p1a: Snorlax|[from]Sleep Talk
|-fail|p1a: Snorlax
|
|upkeep
|turn|47
|
|t:|1721495446
|switch|p2a: Umbreon|Umbreon, M|100/100
|-damage|p2a: Umbreon|88/100|[from] Spikes
|cant|p1a: Snorlax|slp
|move|p1a: Snorlax|Sleep Talk|p1a: Snorlax
|move|p1a: Snorlax|Double-Edge|p2a: Umbreon|[from]Sleep Talk
|-damage|p2a: Umbreon|36/100
|-damage|p1a: Snorlax|91/100 slp|[from] Recoil|[of] p2a: Umbreon
|
|-heal|p2a: Umbreon|42/100|[from] item: Leftovers
|-heal|p1a: Snorlax|97/100 slp|[from] item: Leftovers
|upkeep
|turn|48
|
|t:|1721495448
|move|p2a: Umbreon|Charm|p1a: Snorlax
|-unboost|p1a: Snorlax|atk|2
|-curestatus|p1a: Snorlax|slp|[msg]
|move|p1a: Snorlax|Double-Edge|p2a: Umbreon
|-damage|p2a: Umbreon|18/100
|-damage|p1a: Snorlax|92/100|[from] Recoil|[of] p2a: Umbreon
|
|-heal|p2a: Umbreon|24/100|[from] item: Leftovers
|-heal|p1a: Snorlax|99/100|[from] item: Leftovers
|upkeep
|turn|49
|
|t:|1721495452
|switch|p1a: Forretress|Forretress, M|78/100 par
|move|p2a: Umbreon|Moonlight|p2a: Umbreon
|-heal|p2a: Umbreon|74/100
|
|-heal|p2a: Umbreon|80/100|[from] item: Leftovers
|-heal|p1a: Forretress|84/100 par|[from] item: Leftovers
|upkeep
|turn|50
|
|t:|1721495458
|switch|p2a: Snorlax|Snorlax, M|100/100 slp
|-damage|p2a: Snorlax|88/100 slp|[from] Spikes
|switch|p1a: Snorlax|Snorlax, M|99/100
|
|-heal|p1a: Snorlax|100/100|[from] item: Leftovers
|upkeep
|turn|51
|
|t:|1721495462
|switch|p2a: Umbreon|Umbreon, M|80/100
|-damage|p2a: Umbreon|68/100|[from] Spikes
|move|p1a: Snorlax|Curse|p1a: Snorlax
|-unboost|p1a: Snorlax|spe|1
|-boost|p1a: Snorlax|atk|1
|-boost|p1a: Snorlax|def|1
|
|-heal|p2a: Umbreon|74/100|[from] item: Leftovers
|upkeep
|turn|52
|
|t:|1721495464
|move|p2a: Umbreon|Charm|p1a: Snorlax
|-unboost|p1a: Snorlax|atk|2
|move|p1a: Snorlax|Double-Edge|p2a: Umbreon
|-damage|p2a: Umbreon|50/100
|-damage|p1a: Snorlax|96/100|[from] Recoil|[of] p2a: Umbreon
|
|-heal|p2a: Umbreon|56/100|[from] item: Leftovers
|-heal|p1a: Snorlax|100/100|[from] item: Leftovers
|upkeep
|turn|53
|
|t:|1721495467
|move|p2a: Umbreon|Moonlight|p2a: Umbreon
|-heal|p2a: Umbreon|100/100
|move|p1a: Snorlax|Double-Edge|p2a: Umbreon
|-damage|p2a: Umbreon|78/100
|-damage|p1a: Snorlax|96/100|[from] Recoil|[of] p2a: Umbreon
|
|-heal|p2a: Umbreon|84/100|[from] item: Leftovers
|-heal|p1a: Snorlax|100/100|[from] item: Leftovers
|upkeep
|turn|54
|
|t:|1721495470
|-activate|p1a: Snorlax|move: Pursuit
|move|p2a: Umbreon|Pursuit|p1a: Snorlax|[from]Pursuit
|-damage|p1a: Snorlax|87/100
|switch|p1a: Nidoking|Nidoking, M|89/100
|
|-heal|p1a: Nidoking|95/100|[from] item: Leftovers
|-heal|p2a: Umbreon|90/100|[from] item: Leftovers
|upkeep
|turn|55
|
|t:|1721495474
|switch|p2a: Snorlax|Snorlax, M|88/100 slp
|-damage|p2a: Snorlax|76/100 slp|[from] Spikes
|move|p1a: Nidoking|Earthquake|p2a: Snorlax
|-damage|p2a: Snorlax|50/100 slp
|
|-heal|p1a: Nidoking|100/100|[from] item: Leftovers
|upkeep
|turn|56
|
|t:|1721495480
|move|p1a: Nidoking|Earthquake|p2a: Snorlax
|-damage|p2a: Snorlax|23/100 slp
|cant|p2a: Snorlax|slp
|move|p2a: Snorlax|Sleep Talk|p2a: Snorlax
|move|p2a: Snorlax|Body Slam|p1a: Nidoking|[from]Sleep Talk
|-damage|p1a: Nidoking|68/100
|
|-heal|p1a: Nidoking|74/100|[from] item: Leftovers
|upkeep
|turn|57
|
|t:|1721495487
|switch|p2a: Umbreon|Umbreon, M|90/100
|-damage|p2a: Umbreon|78/100|[from] Spikes
|move|p1a: Nidoking|Earthquake|p2a: Umbreon
|-damage|p2a: Umbreon|52/100
|
|-heal|p1a: Nidoking|80/100|[from] item: Leftovers
|-heal|p2a: Umbreon|58/100|[from] item: Leftovers
|upkeep
|turn|58
|
|t:|1721495490
|move|p1a: Nidoking|Ice Beam|p2a: Umbreon
|-damage|p2a: Umbreon|44/100
|move|p2a: Umbreon|Moonlight|p2a: Umbreon
|-heal|p2a: Umbreon|93/100
|
|-heal|p1a: Nidoking|86/100|[from] item: Leftovers
|-heal|p2a: Umbreon|99/100|[from] item: Leftovers
|upkeep
|turn|59
|
|t:|1721495493
|move|p1a: Nidoking|Ice Beam|p2a: Umbreon
|-damage|p2a: Umbreon|86/100
|move|p2a: Umbreon|Charm|p1a: Nidoking
|-unboost|p1a: Nidoking|atk|2
|
|-heal|p1a: Nidoking|92/100|[from] item: Leftovers
|-heal|p2a: Umbreon|92/100|[from] item: Leftovers
|upkeep
|turn|60
|
|t:|1721495497
|move|p1a: Nidoking|Ice Beam|p2a: Umbreon
|-damage|p2a: Umbreon|78/100
|move|p2a: Umbreon|Pursuit|p1a: Nidoking
|-damage|p1a: Nidoking|82/100
|
|-heal|p1a: Nidoking|88/100|[from] item: Leftovers
|-heal|p2a: Umbreon|84/100|[from] item: Leftovers
|upkeep
|turn|61
|
|t:|1721495500
|move|p1a: Nidoking|Ice Beam|p2a: Umbreon
|-damage|p2a: Umbreon|69/100
|-status|p2a: Umbreon|frz
|cant|p2a: Umbreon|frz
|
|-heal|p1a: Nidoking|94/100|[from] item: Leftovers
|-heal|p2a: Umbreon|76/100 frz|[from] item: Leftovers
|-curestatus|p2a: Umbreon|frz|[msg]
|upkeep
|turn|62
|
|t:|1721495520
|move|p1a: Nidoking|Ice Beam|p2a: Umbreon
|-damage|p2a: Umbreon|61/100
|move|p2a: Umbreon|Pursuit|p1a: Nidoking
|-damage|p1a: Nidoking|83/100
|
|-heal|p1a: Nidoking|89/100|[from] item: Leftovers
|-heal|p2a: Umbreon|67/100|[from] item: Leftovers
|upkeep
|turn|63
|
|t:|1721495525
|move|p1a: Nidoking|Ice Beam|p2a: Umbreon
|-damage|p2a: Umbreon|54/100
|move|p2a: Umbreon|Pursuit|p1a: Nidoking
|-damage|p1a: Nidoking|77/100
|
|-heal|p1a: Nidoking|83/100|[from] item: Leftovers
|-heal|p2a: Umbreon|60/100|[from] item: Leftovers
|upkeep
|turn|64
|
|t:|1721495529
|move|p1a: Nidoking|Ice Beam|p2a: Umbreon
|-damage|p2a: Umbreon|45/100
|move|p2a: Umbreon|Moonlight|p2a: Umbreon
|-heal|p2a: Umbreon|95/100
|
|-heal|p1a: Nidoking|89/100|[from] item: Leftovers
|-heal|p2a: Umbreon|100/100|[from] item: Leftovers
|upkeep
|turn|65
|
|t:|1721495532
|-activate|p1a: Nidoking|move: Pursuit
|move|p2a: Umbreon|Pursuit|p1a: Nidoking|[from]Pursuit
|-damage|p1a: Nidoking|66/100
|switch|p1a: Forretress|Forretress, M|84/100 par
|
|-heal|p1a: Forretress|90/100 par|[from] item: Leftovers
|upkeep
|turn|66
|
|t:|1721495538
|switch|p1a: Nidoking|Nidoking, M|66/100
|move|p2a: Umbreon|Zap Cannon|p1a: Nidoking
|-immune|p1a: Nidoking
|
|-heal|p1a: Nidoking|72/100|[from] item: Leftovers
|upkeep
|turn|67
|
|t:|1721495542
|move|p1a: Nidoking|Ice Beam|p2a: Umbreon
|-damage|p2a: Umbreon|85/100
|move|p2a: Umbreon|Charm|p1a: Nidoking
|-unboost|p1a: Nidoking|atk|2
|
|-heal|p1a: Nidoking|78/100|[from] item: Leftovers
|-heal|p2a: Umbreon|91/100|[from] item: Leftovers
|upkeep
|turn|68
|
|t:|1721495546
|move|p1a: Nidoking|Earthquake|p2a: Umbreon
|-damage|p2a: Umbreon|78/100
|move|p2a: Umbreon|Pursuit|p1a: Nidoking
|-damage|p1a: Nidoking|66/100
|
|-heal|p1a: Nidoking|72/100|[from] item: Leftovers
|-heal|p2a: Umbreon|84/100|[from] item: Leftovers
|upkeep
|turn|69
|
|t:|1721495549
|-activate|p1a: Nidoking|move: Pursuit
|move|p2a: Umbreon|Pursuit|p1a: Nidoking|[from]Pursuit
|-damage|p1a: Nidoking|47/100
|switch|p1a: Forretress|Forretress, M|90/100 par
|
|-heal|p2a: Umbreon|90/100|[from] item: Leftovers
|-heal|p1a: Forretress|96/100 par|[from] item: Leftovers
|upkeep
|turn|70
|
|t:|1721495559
|switch|p1a: Nidoking|Nidoking, M|47/100
|move|p2a: Umbreon|Charm|p1a: Nidoking
|-unboost|p1a: Nidoking|atk|2
|
|-heal|p1a: Nidoking|53/100|[from] item: Leftovers
|-heal|p2a: Umbreon|96/100|[from] item: Leftovers
|upkeep
|turn|71
|
|t:|1721495562
|move|p1a: Nidoking|Ice Beam|p2a: Umbreon
|-damage|p2a: Umbreon|81/100
|-status|p2a: Umbreon|frz
|cant|p2a: Umbreon|frz
|
|-heal|p1a: Nidoking|59/100|[from] item: Leftovers
|-heal|p2a: Umbreon|87/100 frz|[from] item: Leftovers
|upkeep
|turn|72
|
|t:|1721495565
|-activate|p1a: Nidoking|move: Pursuit
|cant|p2a: Umbreon|frz
|switch|p1a: Gengar|Gengar, M|47/100
|
|-heal|p1a: Gengar|53/100|[from] item: Leftovers
|-heal|p2a: Umbreon|93/100 frz|[from] item: Leftovers
|upkeep
|turn|73
|
|t:|1721495569
|move|p1a: Gengar|Ice Punch|p2a: Umbreon
|-damage|p2a: Umbreon|78/100 frz
|cant|p2a: Umbreon|frz
|
|-heal|p1a: Gengar|59/100|[from] item: Leftovers
|-heal|p2a: Umbreon|84/100 frz|[from] item: Leftovers
|-curestatus|p2a: Umbreon|frz|[msg]
|upkeep
|turn|74
|
|t:|1721495572
|move|p1a: Gengar|Hypnosis|p2a: Umbreon
|-status|p2a: Umbreon|slp|[from] move: Hypnosis
|cant|p2a: Umbreon|slp
|
|-heal|p1a: Gengar|65/100|[from] item: Leftovers
|-heal|p2a: Umbreon|90/100 slp|[from] item: Leftovers
|upkeep
|turn|75
|
|t:|1721495574
|-activate|p1a: Gengar|move: Pursuit
|cant|p2a: Umbreon|slp
|switch|p1a: Snorlax|Snorlax, M|87/100
|
|-heal|p2a: Umbreon|96/100 slp|[from] item: Leftovers
|-heal|p1a: Snorlax|94/100|[from] item: Leftovers
|upkeep
|turn|76
|
|t:|1721495579
|switch|p2a: Exeggutor|Exeggutor, M|100/100
|-damage|p2a: Exeggutor|88/100|[from] Spikes
|move|p1a: Snorlax|Double-Edge|p2a: Exeggutor
|-damage|p2a: Exeggutor|46/100
|-damage|p1a: Snorlax|86/100|[from] Recoil|[of] p2a: Exeggutor
|
|-heal|p2a: Exeggutor|52/100|[from] item: Leftovers
|-heal|p1a: Snorlax|92/100|[from] item: Leftovers
|upkeep
|turn|77
|
|t:|1721495585
|switch|p1a: Forretress|Forretress, M|96/100 par
|move|p2a: Exeggutor|Psychic|p1a: Forretress
|-resisted|p1a: Forretress
|-damage|p1a: Forretress|69/100 par
|
|-heal|p2a: Exeggutor|58/100|[from] item: Leftovers
|-heal|p1a: Forretress|75/100 par|[from] item: Leftovers
|upkeep
|turn|78
|
|t:|1721495589
|move|p2a: Exeggutor|Psychic|p1a: Forretress
|-resisted|p1a: Forretress
|-damage|p1a: Forretress|49/100 par
|move|p1a: Forretress|Hidden Power|p2a: Exeggutor
|-supereffective|p2a: Exeggutor
|-damage|p2a: Exeggutor|31/100
|
|-heal|p2a: Exeggutor|37/100|[from] item: Leftovers
|-heal|p1a: Forretress|55/100 par|[from] item: Leftovers
|upkeep
|turn|79
|
|t:|1721495598
|move|p2a: Exeggutor|Psychic|p1a: Forretress
|-resisted|p1a: Forretress
|-damage|p1a: Forretress|30/100 par
|move|p1a: Forretress|Hidden Power|p2a: Exeggutor
|-supereffective|p2a: Exeggutor
|-damage|p2a: Exeggutor|10/100
|
|-heal|p2a: Exeggutor|16/100|[from] item: Leftovers
|-heal|p1a: Forretress|36/100 par|[from] item: Leftovers
|upkeep
|turn|80
|
|t:|1721495606
|switch|p2a: Charizard|Charizard, M|100/100
|switch|p1a: Tyranitar|Tyranitar, M|100/100
|
|upkeep
|turn|81
|
|t:|1721495611
|switch|p2a: Umbreon|Umbreon, M|96/100 slp
|-damage|p2a: Umbreon|83/100 slp|[from] Spikes
|move|p1a: Tyranitar|Rock Slide|p2a: Umbreon
|-damage|p2a: Umbreon|57/100 slp
|
|-heal|p2a: Umbreon|63/100 slp|[from] item: Leftovers
|upkeep
|turn|82
|
|t:|1721495613
|cant|p2a: Umbreon|slp
|move|p1a: Tyranitar|Roar|p2a: Umbreon
|drag|p2a: Exeggutor|Exeggutor, M|16/100
|-damage|p2a: Exeggutor|4/100|[from] Spikes
|
|-heal|p2a: Exeggutor|10/100|[from] item: Leftovers
|upkeep
|turn|83
|
|t:|1721495620
|move|p1a: Tyranitar|Pursuit|p2a: Exeggutor
|-supereffective|p2a: Exeggutor
|-damage|p2a: Exeggutor|0 fnt
|faint|p2a: Exeggutor
|
|t:|1721495624
|switch|p2a: Umbreon|Umbreon, M|63/100 slp
|-damage|p2a: Umbreon|50/100 slp|[from] Spikes
|
|-heal|p2a: Umbreon|56/100 slp|[from] item: Leftovers
|upkeep
|turn|84
|
|t:|1721495626
|-curestatus|p2a: Umbreon|slp|[msg]
|move|p2a: Umbreon|Moonlight|p2a: Umbreon
|-heal|p2a: Umbreon|100/100
|move|p1a: Tyranitar|Roar|p2a: Umbreon
|drag|p2a: Charizard|Charizard, M|100/100
|
|upkeep
|turn|85
|
|t:|1721495630
|-activate|p2a: Charizard|move: Pursuit
|move|p1a: Tyranitar|Pursuit|p2a: Charizard|[from]Pursuit
|-damage|p2a: Charizard|72/100
|switch|p2a: Umbreon|Umbreon, M|100/100
|-damage|p2a: Umbreon|88/100|[from] Spikes
|
|-heal|p2a: Umbreon|94/100|[from] item: Leftovers
|upkeep
|turn|86
|
|t:|1721495639
|switch|p1a: Nidoking|Nidoking, M|59/100
|move|p2a: Umbreon|Zap Cannon|p1a: Nidoking
|-immune|p1a: Nidoking
|
|-heal|p1a: Nidoking|65/100|[from] item: Leftovers
|-heal|p2a: Umbreon|99/100|[from] item: Leftovers
|upkeep
|turn|87
|
|t:|1721495642
|move|p1a: Nidoking|Earthquake|p2a: Umbreon
|-damage|p2a: Umbreon|74/100
|move|p2a: Umbreon|Charm|p1a: Nidoking
|-unboost|p1a: Nidoking|atk|2
|
|-heal|p1a: Nidoking|71/100|[from] item: Leftovers
|-heal|p2a: Umbreon|80/100|[from] item: Leftovers
|upkeep
|turn|88
|
|t:|1721495647
|move|p1a: Nidoking|Ice Beam|p2a: Umbreon
|-damage|p2a: Umbreon|65/100
|move|p2a: Umbreon|Pursuit|p1a: Nidoking
|-damage|p1a: Nidoking|59/100
|
|-heal|p1a: Nidoking|65/100|[from] item: Leftovers
|-heal|p2a: Umbreon|71/100|[from] item: Leftovers
|upkeep
|turn|89
|
|t:|1721495650
|move|p1a: Nidoking|Ice Beam|p2a: Umbreon
|-damage|p2a: Umbreon|56/100
|move|p2a: Umbreon|Pursuit|p1a: Nidoking
|-damage|p1a: Nidoking|53/100
|
|-heal|p1a: Nidoking|59/100|[from] item: Leftovers
|-heal|p2a: Umbreon|62/100|[from] item: Leftovers
|upkeep
|turn|90
|
|t:|1721495654
|move|p1a: Nidoking|Ice Beam|p2a: Umbreon
|-damage|p2a: Umbreon|47/100
|move|p2a: Umbreon|Pursuit|p1a: Nidoking
|-damage|p1a: Nidoking|47/100
|
|-heal|p1a: Nidoking|53/100|[from] item: Leftovers
|-heal|p2a: Umbreon|53/100|[from] item: Leftovers
|upkeep
|turn|91
|
|t:|1721495658
|move|p1a: Nidoking|Ice Beam|p2a: Umbreon
|-damage|p2a: Umbreon|40/100
|move|p2a: Umbreon|Pursuit|p1a: Nidoking
|-crit|p1a: Nidoking
|-damage|p1a: Nidoking|31/100
|
|-heal|p1a: Nidoking|37/100|[from] item: Leftovers
|-heal|p2a: Umbreon|46/100|[from] item: Leftovers
|upkeep
|turn|92
|
|t:|1721495661
|move|p1a: Nidoking|Ice Beam|p2a: Umbreon
|-damage|p2a: Umbreon|31/100
|move|p2a: Umbreon|Moonlight|p2a: Umbreon
|-heal|p2a: Umbreon|81/100
|
|-heal|p1a: Nidoking|44/100|[from] item: Leftovers
|-heal|p2a: Umbreon|87/100|[from] item: Leftovers
|upkeep
|turn|93
|
|t:|1721495663
|move|p1a: Nidoking|Ice Beam|p2a: Umbreon
|-damage|p2a: Umbreon|73/100
|move|p2a: Umbreon|Pursuit|p1a: Nidoking
|-damage|p1a: Nidoking|32/100
|
|-heal|p1a: Nidoking|38/100|[from] item: Leftovers
|-heal|p2a: Umbreon|79/100|[from] item: Leftovers
|upkeep
|turn|94
|
|t:|1721495665
|move|p1a: Nidoking|Thunder|p2a: Umbreon
|-damage|p2a: Umbreon|61/100
|-status|p2a: Umbreon|par
|move|p2a: Umbreon|Pursuit|p1a: Nidoking
|-damage|p1a: Nidoking|26/100
|
|-heal|p1a: Nidoking|32/100|[from] item: Leftovers
|-heal|p2a: Umbreon|67/100 par|[from] item: Leftovers
|upkeep
|turn|95
|
|t:|1721495676
|switch|p1a: Forretress|Forretress, M|36/100 par
|switch|p2a: Snorlax|Snorlax, M|23/100 slp
|-damage|p2a: Snorlax|11/100 slp|[from] Spikes
|
|-heal|p1a: Forretress|42/100 par|[from] item: Leftovers
|upkeep
|turn|96
|
|t:|1721495680
|switch|p1a: Gengar|Gengar, M|65/100
|cant|p2a: Snorlax|slp
|move|p2a: Snorlax|Sleep Talk|p2a: Snorlax
|move|p2a: Snorlax|Body Slam|p1a: Gengar|[from]Sleep Talk
|-immune|p1a: Gengar
|
|-heal|p1a: Gengar|71/100|[from] item: Leftovers
|upkeep
|turn|97
|
|t:|1721495684
|switch|p2a: Umbreon|Umbreon, M|67/100 par
|-damage|p2a: Umbreon|54/100 par|[from] Spikes
|move|p1a: Gengar|Thunderbolt|p2a: Umbreon
|-damage|p2a: Umbreon|35/100 par
|
|-heal|p1a: Gengar|78/100|[from] item: Leftovers
|-heal|p2a: Umbreon|41/100 par|[from] item: Leftovers
|upkeep
|turn|98
|
|t:|1721495687
|move|p1a: Gengar|Thunderbolt|p2a: Umbreon
|-damage|p2a: Umbreon|23/100 par
|move|p2a: Umbreon|Pursuit|p1a: Gengar
|-supereffective|p1a: Gengar
|-damage|p1a: Gengar|53/100
|
|-heal|p1a: Gengar|59/100|[from] item: Leftovers
|-heal|p2a: Umbreon|29/100 par|[from] item: Leftovers
|upkeep
|turn|99
|
|t:|1721495691
|move|p1a: Gengar|Thunderbolt|p2a: Umbreon
|-damage|p2a: Umbreon|9/100 par
|move|p2a: Umbreon|Zap Cannon|p1a: Gengar|[miss]
|-miss|p2a: Umbreon
|
|-heal|p1a: Gengar|66/100|[from] item: Leftovers
|-heal|p2a: Umbreon|15/100 par|[from] item: Leftovers
|upkeep
|turn|100
|
|t:|1721495701
|switch|p2a: Snorlax|Snorlax, M|11/100 slp
|-damage|p2a: Snorlax|0 fnt|[from] Spikes
|faint|p2a: Snorlax
|
|t:|1721495702
|switch|p2a: Charizard|Charizard, M|72/100
|
|-heal|p1a: Gengar|72/100|[from] item: Leftovers
|-heal|p2a: Charizard|78/100|[from] item: Leftovers
|upkeep
|turn|101
|
|t:|1721495708
|move|p1a: Gengar|Thunderbolt|p2a: Charizard
|-crit|p2a: Charizard
|-supereffective|p2a: Charizard
|-damage|p2a: Charizard|0 fnt
|faint|p2a: Charizard
|c|☆Siatam|gg
|c|☆mrsoup|gg
|
|t:|1721495720
|switch|p2a: Umbreon|Umbreon, M|15/100 par
|-damage|p2a: Umbreon|3/100 par|[from] Spikes
|
|-heal|p1a: Gengar|78/100|[from] item: Leftovers
|-heal|p2a: Umbreon|9/100 par|[from] item: Leftovers
|upkeep
|turn|102
|
|t:|1721495721
|move|p1a: Gengar|Thunderbolt|p2a: Umbreon
|-damage|p2a: Umbreon|0 fnt
|faint|p2a: Umbreon
|
|win|Siatam
|c|☆mrsoup|/log mrsoup made the replay of this battle unlisted.
|player|p1|
