|inactive|Battle timer is ON: inactive players will automatically lose when time's up.
|t:|1778880793
|gametype|singles
|player|p1|s.islands|lucas|
|player|p2|justifine|gentleman-gen4|
|gen|2
|tier|[Gen 2] OU
|rule|HP Percentage Mod: HP is shown in percentages
|rule|Beat Up Nicknames Mod: Beat Up will not reveal any party members
|rule|Endless Battle Clause: Forcing endless battles is banned
|rule|Sleep Clause Mod: Limit one foe put to sleep
|rule|Freeze Clause Mod: Limit one foe frozen
|rule|Species Clause: Limit one of each Pokémon
|rule|OHKO Clause: OHKO moves are banned
|rule|Evasion Items Clause: Evasion items are banned
|rule|Evasion Moves Clause: Evasion moves are banned
|
|t:|1778880793
|teamsize|p1|6
|teamsize|p2|6
|start
|switch|p1a: Zapdos|Zapdos|100/100
|switch|p2a: Cloyster|Cloyster, M|100/100
|turn|1
|c|☆justifine|hf
|c|☆s.islands|hf
|
|t:|1778880807
|switch|p1a: Snorlax|Snorlax, M|100/100
|switch|p2a: Snorlax|Snorlax, M|100/100
|
|upkeep
|turn|2
|
|t:|1778880811
|move|p1a: Snorlax|Curse|p1a: Snorlax
|-unboost|p1a: Snorlax|spe|1
|-boost|p1a: Snorlax|atk|1
|-boost|p1a: Snorlax|def|1
|move|p2a: Snorlax|Double-Edge|p1a: Snorlax
|-damage|p1a: Snorlax|77/100
|-damage|p2a: Snorlax|95/100|[from] Recoil|[of] p1a: Snorlax
|
|-heal|p2a: Snorlax|100/100|[from] item: Leftovers
|-heal|p1a: Snorlax|83/100|[from] item: Leftovers
|upkeep
|turn|3
|
|t:|1778880814
|switch|p2a: Cloyster|Cloyster, M|100/100
|move|p1a: Snorlax|Double-Edge|p2a: Cloyster
|-damage|p2a: Cloyster|51/100
|-damage|p1a: Snorlax|76/100|[from] Recoil|[of] p2a: Cloyster
|
|-heal|p2a: Cloyster|57/100|[from] item: Leftovers
|-heal|p1a: Snorlax|83/100|[from] item: Leftovers
|upkeep
|turn|4
|
|t:|1778880816
|move|p2a: Cloyster|Spikes|p1a: Snorlax
|-sidestart|p1: s.islands|Spikes
|move|p1a: Snorlax|Double-Edge|p2a: Cloyster
|-damage|p2a: Cloyster|11/100
|-damage|p1a: Snorlax|76/100|[from] Recoil|[of] p2a: Cloyster
|
|-heal|p2a: Cloyster|17/100|[from] item: Leftovers
|-heal|p1a: Snorlax|82/100|[from] item: Leftovers
|upkeep
|turn|5
|
|t:|1778880821
|switch|p2a: Gengar|Gengar, M|100/100
|move|p1a: Snorlax|Double-Edge|p2a: Gengar
|-immune|p2a: Gengar
|
|-heal|p1a: Snorlax|88/100|[from] item: Leftovers
|upkeep
|turn|6
|
|t:|1778880823
|switch|p1a: Zapdos|Zapdos|100/100
|move|p2a: Gengar|Hypnosis|p1a: Zapdos|[miss]
|-miss|p2a: Gengar
|
|upkeep
|turn|7
|
|t:|1778880826
|switch|p2a: Snorlax|Snorlax, M|100/100
|move|p1a: Zapdos|Thunder|p2a: Snorlax|[miss]
|-miss|p1a: Zapdos
|
|upkeep
|turn|8
|
|t:|1778880830
|move|p1a: Zapdos|Thunder|p2a: Snorlax
|-damage|p2a: Snorlax|73/100
|move|p2a: Snorlax|Double-Edge|p1a: Zapdos
|-damage|p1a: Zapdos|57/100
|-damage|p2a: Snorlax|65/100|[from] Recoil|[of] p1a: Zapdos
|
|-heal|p1a: Zapdos|63/100|[from] item: Leftovers
|-heal|p2a: Snorlax|71/100|[from] item: Leftovers
|upkeep
|turn|9
|
|t:|1778880837
|switch|p1a: Cloyster|Cloyster, M|100/100
|-damage|p1a: Cloyster|88/100|[from] Spikes
|move|p2a: Snorlax|Double-Edge|p1a: Cloyster
|-damage|p1a: Cloyster|57/100
|-damage|p2a: Snorlax|67/100|[from] Recoil|[of] p1a: Cloyster
|
|-heal|p1a: Cloyster|63/100|[from] item: Leftovers
|-heal|p2a: Snorlax|73/100|[from] item: Leftovers
|upkeep
|turn|10
|
|t:|1778880839
|move|p1a: Cloyster|Spikes|p2a: Snorlax
|-sidestart|p2: justifine|Spikes
|move|p2a: Snorlax|Thunder|p1a: Cloyster
|-supereffective|p1a: Cloyster
|-damage|p1a: Cloyster|0 fnt
|faint|p1a: Cloyster
|
|t:|1778880844
|switch|p1a: Exeggutor|Exeggutor, M|100/100
|-damage|p1a: Exeggutor|88/100|[from] Spikes
|
|-heal|p1a: Exeggutor|94/100|[from] item: Leftovers
|-heal|p2a: Snorlax|79/100|[from] item: Leftovers
|upkeep
|turn|11
|
|t:|1778880848
|move|p1a: Exeggutor|Psychic|p2a: Snorlax
|-damage|p2a: Snorlax|57/100
|move|p2a: Snorlax|Double-Edge|p1a: Exeggutor
|-crit|p1a: Exeggutor
|-damage|p1a: Exeggutor|5/100
|-damage|p2a: Snorlax|41/100|[from] Recoil|[of] p1a: Exeggutor
|
|-heal|p1a: Exeggutor|11/100|[from] item: Leftovers
|-heal|p2a: Snorlax|48/100|[from] item: Leftovers
|upkeep
|turn|12
|
|t:|1778880853
|move|p1a: Exeggutor|Psychic|p2a: Snorlax
|-damage|p2a: Snorlax|26/100
|move|p2a: Snorlax|Double-Edge|p1a: Exeggutor
|-damage|p1a: Exeggutor|0 fnt
|-damage|p2a: Snorlax|24/100|[from] Recoil|[of] p1a: Exeggutor
|faint|p1a: Exeggutor
|
|t:|1778880855
|switch|p1a: Machamp|Machamp, M|100/100
|-damage|p1a: Machamp|88/100|[from] Spikes
|
|-heal|p1a: Machamp|94/100|[from] item: Leftovers
|-heal|p2a: Snorlax|30/100|[from] item: Leftovers
|upkeep
|turn|13
|
|t:|1778880858
|switch|p2a: Zapdos|Zapdos|100/100
|move|p1a: Machamp|Cross Chop|p2a: Zapdos|[miss]
|-miss|p1a: Machamp
|
|-heal|p1a: Machamp|100/100|[from] item: Leftovers
|upkeep
|turn|14
|
|t:|1778880860
|switch|p1a: Steelix|Steelix, M|100/100
|-damage|p1a: Steelix|88/100|[from] Spikes
|move|p2a: Zapdos|Thunder|p1a: Steelix
|-immune|p1a: Steelix
|
|-heal|p1a: Steelix|94/100|[from] item: Leftovers
|upkeep
|turn|15
|
|t:|1778880865
|move|p2a: Zapdos|Hidden Power|p1a: Steelix
|-damage|p1a: Steelix|71/100
|move|p1a: Steelix|Curse|p1a: Steelix
|-unboost|p1a: Steelix|spe|1
|-boost|p1a: Steelix|atk|1
|-boost|p1a: Steelix|def|1
|
|-heal|p1a: Steelix|77/100|[from] item: Leftovers
|upkeep
|turn|16
|
|t:|1778880867
|move|p2a: Zapdos|Hidden Power|p1a: Steelix
|-damage|p1a: Steelix|54/100
|move|p1a: Steelix|Roar|p2a: Zapdos
|drag|p2a: Gengar|Gengar, M|100/100
|-damage|p2a: Gengar|88/100|[from] Spikes
|
|-heal|p2a: Gengar|94/100|[from] item: Leftovers
|-heal|p1a: Steelix|60/100|[from] item: Leftovers
|upkeep
|turn|17
|
|t:|1778880870
|switch|p2a: Zapdos|Zapdos|100/100
|switch|p1a: Zapdos|Zapdos|63/100
|
|-heal|p1a: Zapdos|69/100|[from] item: Leftovers
|upkeep
|turn|18
|
|t:|1778880873
|switch|p1a: Snorlax|Snorlax, M|88/100
|-damage|p1a: Snorlax|76/100|[from] Spikes
|move|p2a: Zapdos|Thunder|p1a: Snorlax
|-damage|p1a: Snorlax|45/100
|
|-heal|p1a: Snorlax|51/100|[from] item: Leftovers
|upkeep
|turn|19
|
|t:|1778880876
|switch|p2a: Golem|Golem, M|100/100
|-damage|p2a: Golem|88/100|[from] Spikes
|move|p1a: Snorlax|Rest|p1a: Snorlax
|-status|p1a: Snorlax|slp|[from] move: Rest
|-heal|p1a: Snorlax|100/100 slp|[silent]
|
|-heal|p2a: Golem|94/100|[from] item: Leftovers
|upkeep
|turn|20
|
|t:|1778880878
|move|p2a: Golem|Rapid Spin|p1a: Snorlax
|-damage|p1a: Snorlax|96/100 slp
|-sideend|p2: justifine|Spikes|[from] move: Rapid Spin|[of] p2a: Golem
|cant|p1a: Snorlax|slp
|
|-heal|p2a: Golem|99/100|[from] item: Leftovers
|-heal|p1a: Snorlax|100/100 slp|[from] item: Leftovers
|upkeep
|turn|21
|
|t:|1778880880
|cant|p1a: Snorlax|slp
|move|p2a: Golem|Roar|p1a: Snorlax
|drag|p1a: Steelix|Steelix, M|60/100
|-damage|p1a: Steelix|48/100|[from] Spikes
|
|-heal|p2a: Golem|100/100|[from] item: Leftovers
|-heal|p1a: Steelix|54/100|[from] item: Leftovers
|upkeep
|turn|22
|
|t:|1778880882
|switch|p1a: Zapdos|Zapdos|69/100
|move|p2a: Golem|Earthquake|p1a: Zapdos
|-immune|p1a: Zapdos
|
|-heal|p1a: Zapdos|75/100|[from] item: Leftovers
|upkeep
|turn|23
|
|t:|1778880886
|move|p1a: Zapdos|Hidden Power|p2a: Golem
|-supereffective|p2a: Golem
|-damage|p2a: Golem|53/100
|move|p2a: Golem|Explosion|p1a: Zapdos
|-damage|p1a: Zapdos|0 fnt
|faint|p2a: Golem
|faint|p1a: Zapdos
|
|t:|1778880899
|switch|p1a: Snorlax|Snorlax, M|100/100 slp
|switch|p2a: Cloyster|Cloyster, M|17/100
|-damage|p1a: Snorlax|88/100 slp|[from] Spikes
|
|-heal|p2a: Cloyster|23/100|[from] item: Leftovers
|-heal|p1a: Snorlax|94/100 slp|[from] item: Leftovers
|upkeep
|turn|24
|
|t:|1778880903
|switch|p1a: Steelix|Steelix, M|54/100
|-damage|p1a: Steelix|42/100|[from] Spikes
|move|p2a: Cloyster|Explosion|p1a: Steelix
|-resisted|p1a: Steelix
|-damage|p1a: Steelix|12/100
|faint|p2a: Cloyster
|
|t:|1778880911
|switch|p2a: Snorlax|Snorlax, M|30/100
|
|-heal|p2a: Snorlax|36/100|[from] item: Leftovers
|-heal|p1a: Steelix|18/100|[from] item: Leftovers
|upkeep
|turn|25
|
|t:|1778880923
|switch|p1a: Machamp|Machamp, M|100/100
|-damage|p1a: Machamp|88/100|[from] Spikes
|move|p2a: Snorlax|Earthquake|p1a: Machamp
|-damage|p1a: Machamp|60/100
|
|-heal|p1a: Machamp|66/100|[from] item: Leftovers
|-heal|p2a: Snorlax|42/100|[from] item: Leftovers
|upkeep
|turn|26
|
|t:|1778880931
|switch|p1a: Snorlax|Snorlax, M|94/100 slp
|-damage|p1a: Snorlax|82/100 slp|[from] Spikes
|switch|p2a: Zapdos|Zapdos|100/100
|
|-heal|p1a: Snorlax|88/100 slp|[from] item: Leftovers
|upkeep
|turn|27
|
|t:|1778880938
|move|p2a: Zapdos|Thunder|p1a: Snorlax
|-damage|p1a: Snorlax|59/100 slp
|-curestatus|p1a: Snorlax|slp|[msg]
|move|p1a: Snorlax|Curse|p1a: Snorlax
|-unboost|p1a: Snorlax|spe|1
|-boost|p1a: Snorlax|atk|1
|-boost|p1a: Snorlax|def|1
|
|-heal|p1a: Snorlax|65/100|[from] item: Leftovers
|upkeep
|turn|28
|
|t:|1778880944
|move|p2a: Zapdos|Thunder|p1a: Snorlax
|-damage|p1a: Snorlax|36/100
|move|p1a: Snorlax|Earthquake|p2a: Zapdos
|-immune|p2a: Zapdos
|
|-heal|p1a: Snorlax|42/100|[from] item: Leftovers
|upkeep
|turn|29
|
|t:|1778880949
|move|p2a: Zapdos|Thunder|p1a: Snorlax|[miss]
|-miss|p2a: Zapdos
|move|p1a: Snorlax|Rest|p1a: Snorlax
|-status|p1a: Snorlax|slp|[from] move: Rest
|-heal|p1a: Snorlax|100/100 slp|[silent]
|
|upkeep
|turn|30
|
|t:|1778880953
|switch|p2a: Vaporeon|Vaporeon, M|100/100
|cant|p1a: Snorlax|slp
|
|upkeep
|turn|31
|
|t:|1778880954
|move|p2a: Vaporeon|Growth|p2a: Vaporeon
|-boost|p2a: Vaporeon|spa|1
|cant|p1a: Snorlax|slp
|
|upkeep
|turn|32
|
|t:|1778880958
|move|p2a: Vaporeon|Growth|p2a: Vaporeon
|-boost|p2a: Vaporeon|spa|1
|-curestatus|p1a: Snorlax|slp|[msg]
|move|p1a: Snorlax|Double-Edge|p2a: Vaporeon
|-damage|p2a: Vaporeon|39/100
|-damage|p1a: Snorlax|87/100|[from] Recoil|[of] p2a: Vaporeon
|
|-heal|p2a: Vaporeon|45/100|[from] item: Leftovers
|-heal|p1a: Snorlax|93/100|[from] item: Leftovers
|upkeep
|turn|33
|
|t:|1778880960
|move|p2a: Vaporeon|Surf|p1a: Snorlax
|-damage|p1a: Snorlax|47/100
|move|p1a: Snorlax|Double-Edge|p2a: Vaporeon
|-damage|p2a: Vaporeon|0 fnt
|-damage|p1a: Snorlax|38/100|[from] Recoil|[of] p2a: Vaporeon
|faint|p2a: Vaporeon
|
|t:|1778880963
|switch|p2a: Gengar|Gengar, M|94/100
|
|-heal|p2a: Gengar|100/100|[from] item: Leftovers
|-heal|p1a: Snorlax|44/100|[from] item: Leftovers
|upkeep
|turn|34
|
|t:|1778880968
|move|p2a: Gengar|Hypnosis|p1a: Snorlax|[miss]
|-miss|p2a: Gengar
|move|p1a: Snorlax|Earthquake|p2a: Gengar
|-supereffective|p2a: Gengar
|-damage|p2a: Gengar|1/100
|
|-heal|p2a: Gengar|7/100|[from] item: Leftovers
|-heal|p1a: Snorlax|50/100|[from] item: Leftovers
|upkeep
|turn|35
|
|t:|1778880972
|switch|p1a: Steelix|Steelix, M|18/100
|-damage|p1a: Steelix|6/100|[from] Spikes
|move|p2a: Gengar|Hypnosis|p1a: Steelix|[miss]
|-miss|p2a: Gengar
|
|-heal|p2a: Gengar|13/100|[from] item: Leftovers
|-heal|p1a: Steelix|12/100|[from] item: Leftovers
|upkeep
|turn|36
|
|t:|1778880976
|switch|p1a: Machamp|Machamp, M|66/100
|-damage|p1a: Machamp|54/100|[from] Spikes
|move|p2a: Gengar|Ice Punch|p1a: Machamp
|-damage|p1a: Machamp|35/100
|
|-heal|p2a: Gengar|19/100|[from] item: Leftovers
|-heal|p1a: Machamp|41/100|[from] item: Leftovers
|upkeep
|turn|37
|
|t:|1778880980
|move|p2a: Gengar|Hypnosis|p1a: Machamp|[miss]
|-miss|p2a: Gengar
|move|p1a: Machamp|Rock Slide|p2a: Gengar
|-damage|p2a: Gengar|0 fnt
|faint|p2a: Gengar
|
|t:|1778880983
|switch|p2a: Zapdos|Zapdos|100/100
|
|-heal|p1a: Machamp|47/100|[from] item: Leftovers
|upkeep
|turn|38
|
|t:|1778881006
|switch|p1a: Steelix|Steelix, M|12/100
|-damage|p1a: Steelix|0 fnt|[from] Spikes
|faint|p1a: Steelix
|
|t:|1778881007
|switch|p1a: Snorlax|Snorlax, M|50/100
|-damage|p1a: Snorlax|37/100|[from] Spikes
|
|-heal|p1a: Snorlax|44/100|[from] item: Leftovers
|upkeep
|turn|39
|
|t:|1778881010
|move|p2a: Zapdos|Thunder|p1a: Snorlax
|-damage|p1a: Snorlax|14/100
|move|p1a: Snorlax|Rest|p1a: Snorlax
|-status|p1a: Snorlax|slp|[from] move: Rest
|-heal|p1a: Snorlax|100/100 slp|[silent]
|
|upkeep
|turn|40
|
|t:|1778881013
|move|p2a: Zapdos|Thunder|p1a: Snorlax
|-damage|p1a: Snorlax|73/100 slp
|cant|p1a: Snorlax|slp
|
|-heal|p1a: Snorlax|79/100 slp|[from] item: Leftovers
|upkeep
|turn|41
|
|t:|1778881021
|switch|p2a: Snorlax|Snorlax, M|42/100
|cant|p1a: Snorlax|slp
|
|-heal|p1a: Snorlax|85/100 slp|[from] item: Leftovers
|-heal|p2a: Snorlax|48/100|[from] item: Leftovers
|upkeep
|turn|42
|
|t:|1778881024
|-curestatus|p1a: Snorlax|slp|[msg]
|move|p1a: Snorlax|Double-Edge|p2a: Snorlax
|-damage|p2a: Snorlax|10/100
|-damage|p1a: Snorlax|75/100|[from] Recoil|[of] p2a: Snorlax
|move|p2a: Snorlax|Double-Edge|p1a: Snorlax
|-damage|p1a: Snorlax|37/100
|-damage|p2a: Snorlax|0 fnt|[from] Recoil|[of] p1a: Snorlax
|faint|p2a: Snorlax
|
|t:|1778881025
|switch|p2a: Zapdos|Zapdos|100/100
|
|-heal|p1a: Snorlax|43/100|[from] item: Leftovers
|upkeep
|turn|43
|
|t:|1778881029
|move|p2a: Zapdos|Thunder|p1a: Snorlax
|-damage|p1a: Snorlax|15/100
|-status|p1a: Snorlax|par
|move|p1a: Snorlax|Rest|p1a: Snorlax
|-status|p1a: Snorlax|slp|[from] move: Rest
|-heal|p1a: Snorlax|100/100 slp|[silent]
|
|upkeep
|turn|44
|
|t:|1778881032
|move|p2a: Zapdos|Thunder|p1a: Snorlax
|-damage|p1a: Snorlax|72/100 slp
|cant|p1a: Snorlax|slp
|
|-heal|p1a: Snorlax|78/100 slp|[from] item: Leftovers
|upkeep
|turn|45
|
|t:|1778881034
|move|p2a: Zapdos|Thunder|p1a: Snorlax
|-damage|p1a: Snorlax|47/100 slp
|cant|p1a: Snorlax|slp
|
|-heal|p1a: Snorlax|53/100 slp|[from] item: Leftovers
|upkeep
|turn|46
|
|t:|1778881036
|move|p2a: Zapdos|Thunder|p1a: Snorlax|[miss]
|-miss|p2a: Zapdos
|-curestatus|p1a: Snorlax|slp|[msg]
|move|p1a: Snorlax|Rest|p1a: Snorlax
|-status|p1a: Snorlax|slp|[from] move: Rest
|-heal|p1a: Snorlax|100/100 slp|[silent]
|
|upkeep
|turn|47
|
|t:|1778881038
|move|p2a: Zapdos|Thunder|p1a: Snorlax
|-damage|p1a: Snorlax|71/100 slp
|cant|p1a: Snorlax|slp
|
|-heal|p1a: Snorlax|77/100 slp|[from] item: Leftovers
|upkeep
|turn|48
|
|t:|1778881039
|move|p2a: Zapdos|Thunder|p1a: Snorlax|[miss]
|-miss|p2a: Zapdos
|cant|p1a: Snorlax|slp
|
|-heal|p1a: Snorlax|83/100 slp|[from] item: Leftovers
|upkeep
|turn|49
|
|t:|1778881040
|move|p2a: Zapdos|Thunder|p1a: Snorlax|[miss]
|-miss|p2a: Zapdos
|-curestatus|p1a: Snorlax|slp|[msg]
|move|p1a: Snorlax|Curse|p1a: Snorlax
|-unboost|p1a: Snorlax|spe|1
|-boost|p1a: Snorlax|atk|1
|-boost|p1a: Snorlax|def|1
|
|-heal|p1a: Snorlax|89/100|[from] item: Leftovers
|upkeep
|turn|50
|
|t:|1778881042
|move|p2a: Zapdos|Thunder|p1a: Snorlax
|-damage|p1a: Snorlax|60/100
|move|p1a: Snorlax|Double-Edge|p2a: Zapdos
|-damage|p2a: Zapdos|30/100
|-damage|p1a: Snorlax|47/100|[from] Recoil|[of] p2a: Zapdos
|
|-heal|p2a: Zapdos|36/100|[from] item: Leftovers
|-heal|p1a: Snorlax|53/100|[from] item: Leftovers
|upkeep
|turn|51
|
|t:|1778881045
|move|p2a: Zapdos|Rest|p2a: Zapdos
|-status|p2a: Zapdos|slp|[from] move: Rest
|-heal|p2a: Zapdos|100/100 slp|[silent]
|move|p1a: Snorlax|Double-Edge|p2a: Zapdos
|-damage|p2a: Zapdos|33/100 slp
|-damage|p1a: Snorlax|41/100|[from] Recoil|[of] p2a: Zapdos
|
|-heal|p2a: Zapdos|39/100 slp|[from] item: Leftovers
|-heal|p1a: Snorlax|47/100|[from] item: Leftovers
|upkeep
|turn|52
|
|t:|1778881048
|cant|p2a: Zapdos|slp
|move|p2a: Zapdos|Sleep Talk|p2a: Zapdos
|move|p2a: Zapdos|Rest|p2a: Zapdos|[from] Sleep Talk
|-status|p2a: Zapdos|slp|[from] move: Rest
|-heal|p2a: Zapdos|100/100 slp|[silent]
|move|p1a: Snorlax|Double-Edge|p2a: Zapdos
|-damage|p2a: Zapdos|38/100 slp
|-damage|p1a: Snorlax|35/100|[from] Recoil|[of] p2a: Zapdos
|
|-heal|p2a: Zapdos|44/100 slp|[from] item: Leftovers
|-heal|p1a: Snorlax|42/100|[from] item: Leftovers
|upkeep
|turn|53
|
|t:|1778881050
|cant|p2a: Zapdos|slp
|move|p2a: Zapdos|Sleep Talk|p2a: Zapdos
|move|p2a: Zapdos|Rest|p2a: Zapdos|[from] Sleep Talk
|-status|p2a: Zapdos|slp|[from] move: Rest
|-heal|p2a: Zapdos|100/100 slp|[silent]
|move|p1a: Snorlax|Rest|p1a: Snorlax
|-status|p1a: Snorlax|slp|[from] move: Rest
|-heal|p1a: Snorlax|100/100 slp|[silent]
|
|upkeep
|turn|54
|
|t:|1778881051
|cant|p2a: Zapdos|slp
|move|p2a: Zapdos|Sleep Talk|p2a: Zapdos
|move|p2a: Zapdos|Thunder|p1a: Snorlax|[from] Sleep Talk|[miss]
|-miss|p2a: Zapdos
|cant|p1a: Snorlax|slp
|
|upkeep
|turn|55
|
|t:|1778881053
|cant|p2a: Zapdos|slp
|move|p2a: Zapdos|Sleep Talk|p2a: Zapdos
|move|p2a: Zapdos|Hidden Power|p1a: Snorlax|[from] Sleep Talk
|-damage|p1a: Snorlax|89/100 slp
|cant|p1a: Snorlax|slp
|
|-heal|p1a: Snorlax|95/100 slp|[from] item: Leftovers
|upkeep
|turn|56
|
|t:|1778881055
|-curestatus|p2a: Zapdos|slp|[msg]
|move|p2a: Zapdos|Thunder|p1a: Snorlax
|-damage|p1a: Snorlax|67/100 slp
|-curestatus|p1a: Snorlax|slp|[msg]
|move|p1a: Snorlax|Double-Edge|p2a: Zapdos
|-damage|p2a: Zapdos|34/100
|-damage|p1a: Snorlax|55/100|[from] Recoil|[of] p2a: Zapdos
|
|-heal|p2a: Zapdos|40/100|[from] item: Leftovers
|-heal|p1a: Snorlax|61/100|[from] item: Leftovers
|upkeep
|turn|57
|
|t:|1778881057
|move|p2a: Zapdos|Rest|p2a: Zapdos
|-status|p2a: Zapdos|slp|[from] move: Rest
|-heal|p2a: Zapdos|100/100 slp|[silent]
|move|p1a: Snorlax|Double-Edge|p2a: Zapdos
|-damage|p2a: Zapdos|34/100 slp
|-damage|p1a: Snorlax|49/100|[from] Recoil|[of] p2a: Zapdos
|
|-heal|p2a: Zapdos|40/100 slp|[from] item: Leftovers
|-heal|p1a: Snorlax|55/100|[from] item: Leftovers
|upkeep
|turn|58
|
|t:|1778881059
|cant|p2a: Zapdos|slp
|move|p2a: Zapdos|Sleep Talk|p2a: Zapdos
|move|p2a: Zapdos|Rest|p2a: Zapdos|[from] Sleep Talk
|-status|p2a: Zapdos|slp|[from] move: Rest
|-heal|p2a: Zapdos|100/100 slp|[silent]
|move|p1a: Snorlax|Double-Edge|p2a: Zapdos
|-damage|p2a: Zapdos|33/100 slp
|-damage|p1a: Snorlax|43/100|[from] Recoil|[of] p2a: Zapdos
|
|-heal|p2a: Zapdos|39/100 slp|[from] item: Leftovers
|-heal|p1a: Snorlax|49/100|[from] item: Leftovers
|upkeep
|turn|59
|
|t:|1778881061
|cant|p2a: Zapdos|slp
|move|p2a: Zapdos|Sleep Talk|p2a: Zapdos
|move|p2a: Zapdos|Rest|p2a: Zapdos|[from] Sleep Talk
|-status|p2a: Zapdos|slp|[from] move: Rest
|-heal|p2a: Zapdos|100/100 slp|[silent]
|move|p1a: Snorlax|Double-Edge|p2a: Zapdos
|-damage|p2a: Zapdos|35/100 slp
|-damage|p1a: Snorlax|37/100|[from] Recoil|[of] p2a: Zapdos
|
|-heal|p2a: Zapdos|41/100 slp|[from] item: Leftovers
|-heal|p1a: Snorlax|43/100|[from] item: Leftovers
|upkeep
|turn|60
|
|t:|1778881065
|cant|p2a: Zapdos|slp
|move|p2a: Zapdos|Sleep Talk|p2a: Zapdos
|move|p2a: Zapdos|Thunder|p1a: Snorlax|[from] Sleep Talk
|-damage|p1a: Snorlax|16/100
|move|p1a: Snorlax|Rest|p1a: Snorlax
|-status|p1a: Snorlax|slp|[from] move: Rest
|-heal|p1a: Snorlax|100/100 slp|[silent]
|
|-heal|p2a: Zapdos|47/100 slp|[from] item: Leftovers
|upkeep
|turn|61
|
|t:|1778881067
|cant|p2a: Zapdos|slp
|move|p2a: Zapdos|Sleep Talk|p2a: Zapdos
|move|p2a: Zapdos|Rest|p2a: Zapdos|[from] Sleep Talk
|-status|p2a: Zapdos|slp|[from] move: Rest
|-heal|p2a: Zapdos|100/100 slp|[silent]
|cant|p1a: Snorlax|slp
|
|upkeep
|turn|62
|
|t:|1778881069
|cant|p2a: Zapdos|slp
|move|p2a: Zapdos|Sleep Talk|p2a: Zapdos
|move|p2a: Zapdos|Hidden Power|p1a: Snorlax|[from] Sleep Talk
|-damage|p1a: Snorlax|89/100 slp
|cant|p1a: Snorlax|slp
|
|-heal|p1a: Snorlax|95/100 slp|[from] item: Leftovers
|upkeep
|turn|63
|
|t:|1778881070
|cant|p2a: Zapdos|slp
|move|p2a: Zapdos|Sleep Talk|p2a: Zapdos
|move|p2a: Zapdos|Hidden Power|p1a: Snorlax|[from] Sleep Talk
|-damage|p1a: Snorlax|83/100 slp
|-curestatus|p1a: Snorlax|slp|[msg]
|move|p1a: Snorlax|Double-Edge|p2a: Zapdos
|-damage|p2a: Zapdos|40/100 slp
|-damage|p1a: Snorlax|72/100|[from] Recoil|[of] p2a: Zapdos
|
|-heal|p2a: Zapdos|46/100 slp|[from] item: Leftovers
|-heal|p1a: Snorlax|78/100|[from] item: Leftovers
|upkeep
|turn|64
|
|t:|1778881073
|-curestatus|p2a: Zapdos|slp|[msg]
|move|p2a: Zapdos|Rest|p2a: Zapdos
|-status|p2a: Zapdos|slp|[from] move: Rest
|-heal|p2a: Zapdos|100/100 slp|[silent]
|move|p1a: Snorlax|Double-Edge|p2a: Zapdos
|-damage|p2a: Zapdos|40/100 slp
|-damage|p1a: Snorlax|67/100|[from] Recoil|[of] p2a: Zapdos
|
|-heal|p2a: Zapdos|46/100 slp|[from] item: Leftovers
|-heal|p1a: Snorlax|73/100|[from] item: Leftovers
|upkeep
|turn|65
|
|t:|1778881074
|cant|p2a: Zapdos|slp
|move|p2a: Zapdos|Sleep Talk|p2a: Zapdos
|move|p2a: Zapdos|Thunder|p1a: Snorlax|[from] Sleep Talk
|-damage|p1a: Snorlax|41/100
|move|p1a: Snorlax|Double-Edge|p2a: Zapdos
|-damage|p2a: Zapdos|0 fnt
|-damage|p1a: Snorlax|33/100|[from] Recoil|[of] p2a: Zapdos
|faint|p2a: Zapdos
|
|win|s.islands
