|inactive|Battle timer is ON: inactive players will automatically lose when time's up.
|t:|1778881177
|gametype|singles
|player|p1|s.islands|lucas|
|player|p2|justifine|gentleman-gen4|
|gen|2
|tier|[Gen 2] OU
|rule|HP Percentage Mod: HP is shown in percentages
|rule|Beat Up Nicknames Mod: Beat Up will not reveal any party members
|rule|Endless Battle Clause: Forcing endless battles is banned
|rule|Sleep Clause Mod: Limit one foe put to sleep
|rule|Freeze Clause Mod: Limit one foe frozen
|rule|Species Clause: Limit one of each Pokémon
|rule|OHKO Clause: OHKO moves are banned
|rule|Evasion Items Clause: Evasion items are banned
|rule|Evasion Moves Clause: Evasion moves are banned
|
|t:|1778881177
|teamsize|p1|6
|teamsize|p2|6
|start
|switch|p1a: Raikou|Raikou|100/100
|switch|p2a: Maneater|Smeargle, M|100/100
|turn|1
|c|☆justifine|hf
|c|☆s.islands|hf
|
|t:|1778881194
|move|p1a: Raikou|Hidden Power|p2a: Maneater
|-damage|p2a: Maneater|71/100
|move|p2a: Maneater|Spikes|p1a: Raikou
|-sidestart|p1: s.islands|Spikes
|
|upkeep
|turn|2
|
|t:|1778881212
|move|p1a: Raikou|Thunder|p2a: Maneater
|-damage|p2a: Maneater|0 fnt
|faint|p2a: Maneater
|
|t:|1778881219
|switch|p2a: Snorlax|Snorlax, M|100/100
|
|upkeep
|turn|3
|
|t:|1778881225
|move|p1a: Raikou|Thunder|p2a: Snorlax
|-damage|p2a: Snorlax|72/100
|move|p2a: Snorlax|Lovely Kiss|p1a: Raikou
|-status|p1a: Raikou|slp|[from] move: Lovely Kiss
|
|-heal|p2a: Snorlax|79/100|[from] item: Leftovers
|upkeep
|turn|4
|
|t:|1778881232
|switch|p1a: Tyranitar|Tyranitar, M|100/100
|-damage|p1a: Tyranitar|88/100|[from] Spikes
|switch|p2a: Jolteon|Jolteon, M|100/100
|
|-heal|p1a: Tyranitar|94/100|[from] item: Leftovers
|upkeep
|turn|5
|
|t:|1778881241
|move|p2a: Jolteon|Baton Pass|p2a: Jolteon
|
|t:|1778881242
|switch|p2a: Vaporeon|Vaporeon, M|100/100|[from] Baton Pass
|move|p1a: Tyranitar|Rock Slide|p2a: Vaporeon
|-damage|p2a: Vaporeon|70/100
|
|-heal|p2a: Vaporeon|76/100|[from] item: Leftovers
|-heal|p1a: Tyranitar|100/100|[from] item: Leftovers
|upkeep
|turn|6
|
|t:|1778881255
|switch|p2a: Jolteon|Jolteon, M|100/100
|switch|p1a: Starmie|Starmie|100/100
|-damage|p1a: Starmie|88/100|[from] Spikes
|
|-heal|p1a: Starmie|94/100|[from] item: Leftovers
|upkeep
|turn|7
|
|t:|1778881265
|switch|p1a: Snorlax|Snorlax, M|100/100
|-damage|p1a: Snorlax|88/100|[from] Spikes
|move|p2a: Jolteon|Agility|p2a: Jolteon
|-boost|p2a: Jolteon|spe|2
|
|-heal|p1a: Snorlax|94/100|[from] item: Leftovers
|upkeep
|turn|8
|
|t:|1778881269
|switch|p1a: Tyranitar|Tyranitar, M|100/100
|-damage|p1a: Tyranitar|88/100|[from] Spikes
|move|p2a: Jolteon|Baton Pass|p2a: Jolteon
|
|t:|1778881285
|switch|p2a: Marowak|Marowak, M|100/100|[from] Baton Pass
|
|-heal|p1a: Tyranitar|94/100|[from] item: Leftovers
|upkeep
|turn|9
|
|t:|1778881288
|switch|p1a: Skarmory|Skarmory, M|100/100
|move|p2a: Marowak|Swords Dance|p2a: Marowak
|-boost|p2a: Marowak|atk|2
|
|upkeep
|turn|10
|
|t:|1778881290
|move|p2a: Marowak|Rock Slide|p1a: Skarmory
|-damage|p1a: Skarmory|49/100
|move|p1a: Skarmory|Toxic|p2a: Marowak
|-status|p2a: Marowak|tox
|
|-heal|p1a: Skarmory|55/100|[from] item: Leftovers
|upkeep
|turn|11
|
|t:|1778881294
|move|p2a: Marowak|Rock Slide|p1a: Skarmory
|-damage|p1a: Skarmory|5/100
|-damage|p2a: Marowak|94/100 tox|[from] psn
|move|p1a: Skarmory|Rest|p1a: Skarmory
|-status|p1a: Skarmory|slp|[from] move: Rest
|-heal|p1a: Skarmory|100/100 slp|[silent]
|
|upkeep
|turn|12
|
|t:|1778881299
|move|p2a: Marowak|Rock Slide|p1a: Skarmory|[miss]
|-miss|p2a: Marowak
|-damage|p2a: Marowak|82/100 tox|[from] psn
|cant|p1a: Skarmory|slp
|move|p1a: Skarmory|Sleep Talk|p1a: Skarmory
|move|p1a: Skarmory|Curse|p1a: Skarmory|[from] Sleep Talk
|-unboost|p1a: Skarmory|spe|1
|-boost|p1a: Skarmory|atk|1
|-boost|p1a: Skarmory|def|1
|
|upkeep
|turn|13
|
|t:|1778881302
|switch|p2a: Jolteon|Jolteon, M|100/100
|cant|p1a: Skarmory|slp
|move|p1a: Skarmory|Sleep Talk|p1a: Skarmory
|move|p1a: Skarmory|Toxic|p2a: Jolteon|[from] Sleep Talk
|-status|p2a: Jolteon|tox
|
|upkeep
|turn|14
|
|t:|1778881309
|switch|p1a: Tyranitar|Tyranitar, M|94/100
|-damage|p1a: Tyranitar|82/100|[from] Spikes
|move|p2a: Jolteon|Agility|p2a: Jolteon
|-boost|p2a: Jolteon|spe|2
|-damage|p2a: Jolteon|95/100 tox|[from] psn
|
|-heal|p2a: Jolteon|100/100 tox|[from] item: Leftovers
|-heal|p1a: Tyranitar|88/100|[from] item: Leftovers
|upkeep
|turn|15
|
|t:|1778881312
|move|p2a: Jolteon|Baton Pass|p2a: Jolteon
|
|t:|1778881321
|switch|p2a: Vaporeon|Vaporeon, M|76/100|[from] Baton Pass
|move|p1a: Tyranitar|Roar|p2a: Vaporeon
|drag|p2a: Tyranitar|Tyranitar, M|100/100
|
|-heal|p1a: Tyranitar|94/100|[from] item: Leftovers
|upkeep
|turn|16
|
|t:|1778881328
|switch|p1a: Skarmory|Skarmory, M|100/100 slp
|move|p2a: Tyranitar|Dynamic Punch|p1a: Skarmory|[miss]
|-miss|p2a: Tyranitar
|
|upkeep
|turn|17
|
|t:|1778881335
|switch|p2a: Jolteon|Jolteon, M|100/100 tox
|-status|p2a: Jolteon|psn|[silent]
|-damage|p2a: Jolteon|88/100 psn|[from] psn
|-curestatus|p1a: Skarmory|slp|[msg]
|move|p1a: Skarmory|Toxic||[still]
|-fail|p1a: Skarmory
|
|-heal|p2a: Jolteon|94/100 psn|[from] item: Leftovers
|upkeep
|turn|18
|
|t:|1778881340
|switch|p1a: Tyranitar|Tyranitar, M|94/100
|-damage|p1a: Tyranitar|82/100|[from] Spikes
|move|p2a: Jolteon|Thunder|p1a: Tyranitar
|-damage|p1a: Tyranitar|44/100
|-damage|p2a: Jolteon|82/100 psn|[from] psn|[of] p1a: Tyranitar
|
|-heal|p2a: Jolteon|88/100 psn|[from] item: Leftovers
|-heal|p1a: Tyranitar|51/100|[from] item: Leftovers
|upkeep
|turn|19
|
|t:|1778881347
|move|p2a: Jolteon|Baton Pass|p2a: Jolteon
|
|t:|1778881348
|switch|p2a: Vaporeon|Vaporeon, M|76/100|[from] Baton Pass
|move|p1a: Tyranitar|Rock Slide|p2a: Vaporeon
|-damage|p2a: Vaporeon|43/100
|
|-heal|p2a: Vaporeon|49/100|[from] item: Leftovers
|-heal|p1a: Tyranitar|57/100|[from] item: Leftovers
|upkeep
|turn|20
|
|t:|1778881357
|switch|p1a: Starmie|Starmie|94/100
|-damage|p1a: Starmie|82/100|[from] Spikes
|move|p2a: Vaporeon|Growth|p2a: Vaporeon
|-boost|p2a: Vaporeon|spa|1
|
|-heal|p1a: Starmie|88/100|[from] item: Leftovers
|-heal|p2a: Vaporeon|55/100|[from] item: Leftovers
|upkeep
|turn|21
|
|t:|1778881364
|move|p1a: Starmie|Rapid Spin|p2a: Vaporeon
|-damage|p2a: Vaporeon|51/100
|-sideend|p1: s.islands|Spikes|[from] move: Rapid Spin|[of] p1a: Starmie
|move|p2a: Vaporeon|Growth|p2a: Vaporeon
|-boost|p2a: Vaporeon|spa|1
|
|-heal|p1a: Starmie|94/100|[from] item: Leftovers
|-heal|p2a: Vaporeon|57/100|[from] item: Leftovers
|upkeep
|turn|22
|
|t:|1778881366
|move|p1a: Starmie|Psychic|p2a: Vaporeon
|-damage|p2a: Vaporeon|34/100
|move|p2a: Vaporeon|Surf|p1a: Starmie
|-resisted|p1a: Starmie
|-damage|p1a: Starmie|57/100
|
|-heal|p1a: Starmie|63/100|[from] item: Leftovers
|-heal|p2a: Vaporeon|40/100|[from] item: Leftovers
|upkeep
|turn|23
|
|t:|1778881368
|move|p1a: Starmie|Psychic|p2a: Vaporeon
|-damage|p2a: Vaporeon|16/100
|move|p2a: Vaporeon|Rest|p2a: Vaporeon
|-status|p2a: Vaporeon|slp|[from] move: Rest
|-heal|p2a: Vaporeon|100/100 slp|[silent]
|
|-heal|p1a: Starmie|69/100|[from] item: Leftovers
|upkeep
|turn|24
|
|t:|1778881375
|move|p1a: Starmie|Psychic|p2a: Vaporeon
|-damage|p2a: Vaporeon|78/100 slp
|-unboost|p2a: Vaporeon|spd|1
|cant|p2a: Vaporeon|slp
|move|p2a: Vaporeon|Sleep Talk|p2a: Vaporeon
|move|p2a: Vaporeon|Growth|p2a: Vaporeon|[from] Sleep Talk
|-boost|p2a: Vaporeon|spa|1
|
|-heal|p1a: Starmie|75/100|[from] item: Leftovers
|-heal|p2a: Vaporeon|84/100 slp|[from] item: Leftovers
|upkeep
|turn|25
|
|t:|1778881380
|move|p1a: Starmie|Psychic|p2a: Vaporeon
|-damage|p2a: Vaporeon|50/100 slp
|cant|p2a: Vaporeon|slp
|move|p2a: Vaporeon|Sleep Talk|p2a: Vaporeon
|move|p2a: Vaporeon|Surf|p1a: Starmie|[from] Sleep Talk
|-resisted|p1a: Starmie
|-damage|p1a: Starmie|28/100
|
|-heal|p1a: Starmie|35/100|[from] item: Leftovers
|-heal|p2a: Vaporeon|56/100 slp|[from] item: Leftovers
|upkeep
|turn|26
|
|t:|1778881387
|move|p1a: Starmie|Recover|p1a: Starmie
|-heal|p1a: Starmie|85/100
|-curestatus|p2a: Vaporeon|slp|[msg]
|move|p2a: Vaporeon|Surf|p1a: Starmie
|-resisted|p1a: Starmie
|-damage|p1a: Starmie|35/100
|
|-heal|p1a: Starmie|42/100|[from] item: Leftovers
|-heal|p2a: Vaporeon|62/100|[from] item: Leftovers
|upkeep
|turn|27
|
|t:|1778881389
|move|p1a: Starmie|Recover|p1a: Starmie
|-heal|p1a: Starmie|92/100
|move|p2a: Vaporeon|Surf|p1a: Starmie
|-resisted|p1a: Starmie
|-damage|p1a: Starmie|40/100
|
|-heal|p1a: Starmie|46/100|[from] item: Leftovers
|-heal|p2a: Vaporeon|68/100|[from] item: Leftovers
|upkeep
|turn|28
|
|t:|1778881393
|move|p1a: Starmie|Recover|p1a: Starmie
|-heal|p1a: Starmie|96/100
|move|p2a: Vaporeon|Surf|p1a: Starmie
|-resisted|p1a: Starmie
|-damage|p1a: Starmie|44/100
|
|-heal|p1a: Starmie|50/100|[from] item: Leftovers
|-heal|p2a: Vaporeon|74/100|[from] item: Leftovers
|upkeep
|turn|29
|
|t:|1778881407
|move|p1a: Starmie|Psychic|p2a: Vaporeon
|-damage|p2a: Vaporeon|39/100
|move|p2a: Vaporeon|Surf|p1a: Starmie
|-resisted|p1a: Starmie
|-damage|p1a: Starmie|0 fnt
|faint|p1a: Starmie
|
|t:|1778881410
|switch|p1a: Raikou|Raikou|100/100 slp
|
|-heal|p2a: Vaporeon|45/100|[from] item: Leftovers
|upkeep
|turn|30
|
|t:|1778881415
|switch|p2a: Marowak|Marowak, M|82/100 tox
|-status|p2a: Marowak|psn|[silent]
|-damage|p2a: Marowak|70/100 psn|[from] psn
|cant|p1a: Raikou|slp
|move|p1a: Raikou|Sleep Talk|p1a: Raikou
|move|p1a: Raikou|Hidden Power|p2a: Marowak|[from] Sleep Talk
|-supereffective|p2a: Marowak
|-damage|p2a: Marowak|28/100 psn
|
|upkeep
|turn|31
|
|t:|1778881423
|switch|p1a: Skarmory|Skarmory, M|100/100
|move|p2a: Marowak|Earthquake|p1a: Skarmory
|-immune|p1a: Skarmory
|-damage|p2a: Marowak|15/100 psn|[from] psn|[of] p1a: Skarmory
|
|upkeep
|turn|32
|
|t:|1778881430
|switch|p1a: Snorlax|Snorlax, M|94/100
|switch|p2a: Jolteon|Jolteon, M|88/100 psn
|-damage|p2a: Jolteon|76/100 psn|[from] psn
|
|-heal|p2a: Jolteon|82/100 psn|[from] item: Leftovers
|-heal|p1a: Snorlax|99/100|[from] item: Leftovers
|upkeep
|turn|33
|
|t:|1778881433
|move|p2a: Jolteon|Baton Pass|p2a: Jolteon
|
|t:|1778881434
|switch|p2a: Marowak|Marowak, M|15/100 psn|[from] Baton Pass
|-damage|p2a: Marowak|3/100 psn|[from] psn
|move|p1a: Snorlax|Earthquake|p2a: Marowak
|-damage|p2a: Marowak|0 fnt
|faint|p2a: Marowak
|
|t:|1778881437
|switch|p2a: Tyranitar|Tyranitar, M|100/100
|
|-heal|p1a: Snorlax|100/100|[from] item: Leftovers
|upkeep
|turn|34
|
|t:|1778881443
|switch|p1a: Skarmory|Skarmory, M|100/100
|move|p2a: Tyranitar|Curse|p2a: Tyranitar
|-unboost|p2a: Tyranitar|spe|1
|-boost|p2a: Tyranitar|atk|1
|-boost|p2a: Tyranitar|def|1
|
|upkeep
|turn|35
|
|t:|1778881449
|switch|p2a: Jolteon|Jolteon, M|82/100 psn
|-damage|p2a: Jolteon|69/100 psn|[from] psn
|move|p1a: Skarmory|Toxic||[still]
|-fail|p1a: Skarmory
|
|-heal|p2a: Jolteon|75/100 psn|[from] item: Leftovers
|upkeep
|turn|36
|
|t:|1778881453
|switch|p1a: Snorlax|Snorlax, M|100/100
|move|p2a: Jolteon|Agility|p2a: Jolteon
|-boost|p2a: Jolteon|spe|2
|-damage|p2a: Jolteon|63/100 psn|[from] psn
|
|-heal|p2a: Jolteon|69/100 psn|[from] item: Leftovers
|upkeep
|turn|37
|
|t:|1778881455
|move|p2a: Jolteon|Baton Pass|p2a: Jolteon
|
|t:|1778881458
|switch|p2a: Tyranitar|Tyranitar, M|100/100|[from] Baton Pass
|move|p1a: Snorlax|Earthquake|p2a: Tyranitar
|-supereffective|p2a: Tyranitar
|-damage|p2a: Tyranitar|62/100
|
|-heal|p2a: Tyranitar|68/100|[from] item: Leftovers
|upkeep
|turn|38
|
|t:|1778881465
|move|p2a: Tyranitar|Curse|p2a: Tyranitar
|-unboost|p2a: Tyranitar|spe|1
|-boost|p2a: Tyranitar|atk|1
|-boost|p2a: Tyranitar|def|1
|move|p1a: Snorlax|Earthquake|p2a: Tyranitar
|-supereffective|p2a: Tyranitar
|-damage|p2a: Tyranitar|42/100
|
|-heal|p2a: Tyranitar|48/100|[from] item: Leftovers
|upkeep
|turn|39
|
|t:|1778881470
|switch|p1a: Forretress|Forretress, M|100/100
|move|p2a: Tyranitar|Rock Slide|p1a: Forretress
|-damage|p1a: Forretress|59/100
|
|-heal|p2a: Tyranitar|55/100|[from] item: Leftovers
|-heal|p1a: Forretress|65/100|[from] item: Leftovers
|upkeep
|turn|40
|
|t:|1778881473
|move|p2a: Tyranitar|Rock Slide|p1a: Forretress
|-damage|p1a: Forretress|29/100
|move|p1a: Forretress|Toxic|p2a: Tyranitar
|-status|p2a: Tyranitar|tox
|
|-heal|p2a: Tyranitar|61/100 tox|[from] item: Leftovers
|-heal|p1a: Forretress|35/100|[from] item: Leftovers
|upkeep
|turn|41
|
|t:|1778881479
|switch|p1a: Skarmory|Skarmory, M|100/100
|move|p2a: Tyranitar|Rock Slide|p1a: Skarmory
|-damage|p1a: Skarmory|63/100
|-damage|p2a: Tyranitar|55/100 tox|[from] psn
|
|-heal|p2a: Tyranitar|61/100 tox|[from] item: Leftovers
|-heal|p1a: Skarmory|69/100|[from] item: Leftovers
|upkeep
|turn|42
|
|t:|1778881484
|switch|p2a: Jolteon|Jolteon, M|69/100 psn
|-damage|p2a: Jolteon|57/100 psn|[from] psn
|switch|p1a: Forretress|Forretress, M|35/100
|
|-heal|p2a: Jolteon|63/100 psn|[from] item: Leftovers
|-heal|p1a: Forretress|41/100|[from] item: Leftovers
|upkeep
|turn|43
|
|t:|1778881487
|switch|p1a: Snorlax|Snorlax, M|100/100
|move|p2a: Jolteon|Thunder|p1a: Snorlax
|-damage|p1a: Snorlax|72/100
|-damage|p2a: Jolteon|50/100 psn|[from] psn|[of] p1a: Snorlax
|
|-heal|p2a: Jolteon|56/100 psn|[from] item: Leftovers
|-heal|p1a: Snorlax|79/100|[from] item: Leftovers
|upkeep
|turn|44
|
|t:|1778881493
|move|p2a: Jolteon|Baton Pass|p2a: Jolteon
|
|t:|1778881499
|switch|p2a: Vaporeon|Vaporeon, M|45/100|[from] Baton Pass
|move|p1a: Snorlax|Double-Edge|p2a: Vaporeon
|-damage|p2a: Vaporeon|1/100
|-damage|p1a: Snorlax|69/100|[from] Recoil|[of] p2a: Vaporeon
|
|-heal|p2a: Vaporeon|7/100|[from] item: Leftovers
|-heal|p1a: Snorlax|75/100|[from] item: Leftovers
|upkeep
|turn|45
|
|t:|1778881502
|move|p2a: Vaporeon|Rest|p2a: Vaporeon
|-status|p2a: Vaporeon|slp|[from] move: Rest
|-heal|p2a: Vaporeon|100/100 slp|[silent]
|move|p1a: Snorlax|Double-Edge|p2a: Vaporeon
|-damage|p2a: Vaporeon|53/100 slp
|-damage|p1a: Snorlax|65/100|[from] Recoil|[of] p2a: Vaporeon
|
|-heal|p2a: Vaporeon|59/100 slp|[from] item: Leftovers
|-heal|p1a: Snorlax|71/100|[from] item: Leftovers
|upkeep
|turn|46
|
|t:|1778881506
|switch|p2a: Tyranitar|Tyranitar, M|61/100 tox
|-status|p2a: Tyranitar|psn|[silent]
|-damage|p2a: Tyranitar|48/100 psn|[from] psn
|move|p1a: Snorlax|Double-Edge|p2a: Tyranitar
|-resisted|p2a: Tyranitar
|-damage|p2a: Tyranitar|31/100 psn
|-damage|p1a: Snorlax|67/100|[from] Recoil|[of] p2a: Tyranitar
|
|-heal|p2a: Tyranitar|37/100 psn|[from] item: Leftovers
|-heal|p1a: Snorlax|74/100|[from] item: Leftovers
|upkeep
|turn|47
|
|t:|1778881510
|switch|p1a: Skarmory|Skarmory, M|69/100
|move|p2a: Tyranitar|Dynamic Punch|p1a: Skarmory
|-crit|p1a: Skarmory
|-damage|p1a: Skarmory|22/100
|-start|p1a: Skarmory|confusion
|-damage|p2a: Tyranitar|25/100 psn|[from] psn|[of] p1a: Skarmory
|
|-heal|p1a: Skarmory|28/100|[from] item: Leftovers
|-heal|p2a: Tyranitar|31/100 psn|[from] item: Leftovers
|upkeep
|turn|48
|
|t:|1778881514
|switch|p1a: Forretress|Forretress, M|41/100
|move|p2a: Tyranitar|Rock Slide|p1a: Forretress
|-damage|p1a: Forretress|14/100
|-damage|p2a: Tyranitar|18/100 psn|[from] psn|[of] p1a: Forretress
|
|-heal|p2a: Tyranitar|25/100 psn|[from] item: Leftovers
|-heal|p1a: Forretress|20/100|[from] item: Leftovers
|upkeep
|turn|49
|
|t:|1778881517
|switch|p1a: Raikou|Raikou|100/100 slp
|move|p2a: Tyranitar|Rock Slide|p1a: Raikou
|-damage|p1a: Raikou|65/100 slp
|-damage|p2a: Tyranitar|12/100 psn|[from] psn|[of] p1a: Raikou
|
|-heal|p1a: Raikou|71/100 slp|[from] item: Leftovers
|-heal|p2a: Tyranitar|18/100 psn|[from] item: Leftovers
|upkeep
|turn|50
|
|t:|1778881534
|switch|p1a: Forretress|Forretress, M|20/100
|move|p2a: Tyranitar|Rock Slide|p1a: Forretress
|-damage|p1a: Forretress|0 fnt
|faint|p1a: Forretress
|
|t:|1778881537
|switch|p1a: Raikou|Raikou|71/100 slp
|
|-heal|p1a: Raikou|77/100 slp|[from] item: Leftovers
|-heal|p2a: Tyranitar|25/100 psn|[from] item: Leftovers
|upkeep
|turn|51
|
|t:|1778881542
|cant|p1a: Raikou|slp
|move|p1a: Raikou|Sleep Talk|p1a: Raikou
|move|p1a: Raikou|Rest|p1a: Raikou|[from] Sleep Talk
|-status|p1a: Raikou|slp|[from] move: Rest
|-heal|p1a: Raikou|100/100 slp|[silent]
|move|p2a: Tyranitar|Earthquake|p1a: Raikou
|-supereffective|p1a: Raikou
|-damage|p1a: Raikou|41/100 slp
|-damage|p2a: Tyranitar|12/100 psn|[from] psn|[of] p1a: Raikou
|
|-heal|p1a: Raikou|47/100 slp|[from] item: Leftovers
|-heal|p2a: Tyranitar|18/100 psn|[from] item: Leftovers
|upkeep
|turn|52
|
|t:|1778881550
|switch|p1a: Skarmory|Skarmory, M|28/100
|move|p2a: Tyranitar|Rock Slide|p1a: Skarmory
|-damage|p1a: Skarmory|1/100
|-damage|p2a: Tyranitar|6/100 psn|[from] psn|[of] p1a: Skarmory
|
|-heal|p1a: Skarmory|7/100|[from] item: Leftovers
|-heal|p2a: Tyranitar|12/100 psn|[from] item: Leftovers
|upkeep
|turn|53
|
|t:|1778881566
|move|p1a: Skarmory|Rest|p1a: Skarmory
|-status|p1a: Skarmory|slp|[from] move: Rest
|-heal|p1a: Skarmory|100/100 slp|[silent]
|move|p2a: Tyranitar|Rock Slide|p1a: Skarmory
|-damage|p1a: Skarmory|77/100 slp
|-damage|p2a: Tyranitar|0 fnt|[from] psn|[of] p1a: Skarmory
|faint|p2a: Tyranitar
|
|t:|1778881567
|switch|p2a: Jolteon|Jolteon, M|56/100 psn
|
|-heal|p2a: Jolteon|62/100 psn|[from] item: Leftovers
|-heal|p1a: Skarmory|83/100 slp|[from] item: Leftovers
|upkeep
|turn|54
|
|t:|1778881585
|switch|p1a: Tyranitar|Tyranitar, M|57/100
|move|p2a: Jolteon|Agility|p2a: Jolteon
|-boost|p2a: Jolteon|spe|2
|-damage|p2a: Jolteon|50/100 psn|[from] psn
|
|-heal|p2a: Jolteon|56/100 psn|[from] item: Leftovers
|-heal|p1a: Tyranitar|63/100|[from] item: Leftovers
|upkeep
|turn|55
|
|t:|1778881590
|move|p2a: Jolteon|Thunder|p1a: Tyranitar|[miss]
|-miss|p2a: Jolteon
|-damage|p2a: Jolteon|44/100 psn|[from] psn|[of] p1a: Tyranitar
|move|p1a: Tyranitar|Roar|p2a: Jolteon
|drag|p2a: Snorlax|Snorlax, M|79/100
|
|-heal|p1a: Tyranitar|69/100|[from] item: Leftovers
|-heal|p2a: Snorlax|85/100|[from] item: Leftovers
|upkeep
|turn|56
|
|t:|1778881598
|switch|p2a: Jolteon|Jolteon, M|44/100 psn
|-damage|p2a: Jolteon|31/100 psn|[from] psn
|move|p1a: Tyranitar|Rock Slide|p2a: Jolteon
|-crit|p2a: Jolteon
|-damage|p2a: Jolteon|0 fnt
|faint|p2a: Jolteon
|
|t:|1778881607
|switch|p2a: Vaporeon|Vaporeon, M|59/100 slp
|
|-heal|p2a: Vaporeon|65/100 slp|[from] item: Leftovers
|-heal|p1a: Tyranitar|75/100|[from] item: Leftovers
|upkeep
|turn|57
|
|t:|1778881611
|cant|p2a: Vaporeon|slp
|move|p2a: Vaporeon|Sleep Talk|p2a: Vaporeon
|move|p2a: Vaporeon|Rest|p2a: Vaporeon|[from] Sleep Talk
|-status|p2a: Vaporeon|slp|[from] move: Rest
|-heal|p2a: Vaporeon|100/100 slp|[silent]
|move|p1a: Tyranitar|Roar|p2a: Vaporeon
|drag|p2a: Snorlax|Snorlax, M|85/100
|
|-heal|p1a: Tyranitar|82/100|[from] item: Leftovers
|-heal|p2a: Snorlax|91/100|[from] item: Leftovers
|upkeep
|turn|58
|
|t:|1778881616
|move|p1a: Tyranitar|Rock Slide|p2a: Snorlax
|-damage|p2a: Snorlax|64/100
|move|p2a: Snorlax|Lovely Kiss|p1a: Tyranitar|[miss]
|-miss|p2a: Snorlax
|
|-heal|p1a: Tyranitar|88/100|[from] item: Leftovers
|-heal|p2a: Snorlax|70/100|[from] item: Leftovers
|upkeep
|turn|59
|
|t:|1778881618
|move|p1a: Tyranitar|Rock Slide|p2a: Snorlax
|-damage|p2a: Snorlax|42/100
|move|p2a: Snorlax|Lovely Kiss|p1a: Tyranitar
|-status|p1a: Tyranitar|slp|[from] move: Lovely Kiss
|
|-heal|p1a: Tyranitar|94/100 slp|[from] item: Leftovers
|-heal|p2a: Snorlax|48/100|[from] item: Leftovers
|upkeep
|turn|60
|
|t:|1778881621
|switch|p1a: Skarmory|Skarmory, M|83/100 slp
|switch|p2a: Vaporeon|Vaporeon, M|100/100 slp
|
|-heal|p1a: Skarmory|89/100 slp|[from] item: Leftovers
|upkeep
|turn|61
|
|t:|1778881629
|switch|p1a: Raikou|Raikou|47/100 slp
|cant|p2a: Vaporeon|slp
|move|p2a: Vaporeon|Sleep Talk|p2a: Vaporeon
|move|p2a: Vaporeon|Surf|p1a: Raikou|[from] Sleep Talk
|-damage|p1a: Raikou|15/100 slp
|
|-heal|p1a: Raikou|21/100 slp|[from] item: Leftovers
|upkeep
|turn|62
|
|t:|1778881631
|cant|p1a: Raikou|slp
|move|p1a: Raikou|Sleep Talk|p1a: Raikou
|move|p1a: Raikou|Hidden Power|p2a: Vaporeon|[from] Sleep Talk
|-resisted|p2a: Vaporeon
|-damage|p2a: Vaporeon|94/100 slp
|cant|p2a: Vaporeon|slp
|move|p2a: Vaporeon|Sleep Talk|p2a: Vaporeon
|move|p2a: Vaporeon|Surf|p1a: Raikou|[from] Sleep Talk
|-damage|p1a: Raikou|0 fnt
|faint|p1a: Raikou
|
|t:|1778881633
|switch|p1a: Snorlax|Snorlax, M|74/100
|
|-heal|p2a: Vaporeon|99/100 slp|[from] item: Leftovers
|-heal|p1a: Snorlax|80/100|[from] item: Leftovers
|upkeep
|turn|63
|
|t:|1778881638
|-curestatus|p2a: Vaporeon|slp|[msg]
|move|p2a: Vaporeon|Growth|p2a: Vaporeon
|-boost|p2a: Vaporeon|spa|1
|move|p1a: Snorlax|Double-Edge|p2a: Vaporeon
|-damage|p2a: Vaporeon|56/100
|-damage|p1a: Snorlax|70/100|[from] Recoil|[of] p2a: Vaporeon
|
|-heal|p2a: Vaporeon|62/100|[from] item: Leftovers
|-heal|p1a: Snorlax|76/100|[from] item: Leftovers
|upkeep
|turn|64
|
|t:|1778881640
|move|p2a: Vaporeon|Surf|p1a: Snorlax
|-damage|p1a: Snorlax|46/100
|move|p1a: Snorlax|Double-Edge|p2a: Vaporeon
|-damage|p2a: Vaporeon|15/100
|-damage|p1a: Snorlax|36/100|[from] Recoil|[of] p2a: Vaporeon
|
|-heal|p2a: Vaporeon|21/100|[from] item: Leftovers
|-heal|p1a: Snorlax|42/100|[from] item: Leftovers
|upkeep
|turn|65
|
|t:|1778881642
|move|p2a: Vaporeon|Rest|p2a: Vaporeon
|-status|p2a: Vaporeon|slp|[from] move: Rest
|-heal|p2a: Vaporeon|100/100 slp|[silent]
|move|p1a: Snorlax|Double-Edge|p2a: Vaporeon
|-damage|p2a: Vaporeon|58/100 slp
|-damage|p1a: Snorlax|32/100|[from] Recoil|[of] p2a: Vaporeon
|
|-heal|p2a: Vaporeon|64/100 slp|[from] item: Leftovers
|-heal|p1a: Snorlax|39/100|[from] item: Leftovers
|upkeep
|turn|66
|
|t:|1778881644
|cant|p2a: Vaporeon|slp
|move|p2a: Vaporeon|Sleep Talk|p2a: Vaporeon
|move|p2a: Vaporeon|Surf|p1a: Snorlax|[from] Sleep Talk
|-damage|p1a: Snorlax|4/100
|move|p1a: Snorlax|Rest|p1a: Snorlax
|-status|p1a: Snorlax|slp|[from] move: Rest
|-heal|p1a: Snorlax|100/100 slp|[silent]
|
|-heal|p2a: Vaporeon|70/100 slp|[from] item: Leftovers
|upkeep
|turn|67
|
|t:|1778881647
|cant|p2a: Vaporeon|slp
|move|p2a: Vaporeon|Sleep Talk|p2a: Vaporeon
|move|p2a: Vaporeon|Rest|p2a: Vaporeon|[from] Sleep Talk
|-status|p2a: Vaporeon|slp|[from] move: Rest
|-heal|p2a: Vaporeon|100/100 slp|[silent]
|cant|p1a: Snorlax|slp
|move|p1a: Snorlax|Sleep Talk|p1a: Snorlax
|move|p1a: Snorlax|Rest|p1a: Snorlax|[from] Sleep Talk
|-fail|p1a: Snorlax
|
|upkeep
|turn|68
|
|t:|1778881649
|cant|p2a: Vaporeon|slp
|move|p2a: Vaporeon|Sleep Talk|p2a: Vaporeon
|move|p2a: Vaporeon|Rest|p2a: Vaporeon|[from] Sleep Talk
|-fail|p2a: Vaporeon
|cant|p1a: Snorlax|slp
|move|p1a: Snorlax|Sleep Talk|p1a: Snorlax
|move|p1a: Snorlax|Rest|p1a: Snorlax|[from] Sleep Talk
|-fail|p1a: Snorlax
|
|upkeep
|turn|69
|
|t:|1778881651
|cant|p2a: Vaporeon|slp
|move|p2a: Vaporeon|Sleep Talk|p2a: Vaporeon
|move|p2a: Vaporeon|Rest|p2a: Vaporeon|[from] Sleep Talk
|-fail|p2a: Vaporeon
|-curestatus|p1a: Snorlax|slp|[msg]
|move|p1a: Snorlax|Double-Edge|p2a: Vaporeon
|-crit|p2a: Vaporeon
|-damage|p2a: Vaporeon|12/100 slp
|-damage|p1a: Snorlax|81/100|[from] Recoil|[of] p2a: Vaporeon
|
|-heal|p2a: Vaporeon|18/100 slp|[from] item: Leftovers
|-heal|p1a: Snorlax|87/100|[from] item: Leftovers
|upkeep
|turn|70
|
|t:|1778881654
|-curestatus|p2a: Vaporeon|slp|[msg]
|move|p2a: Vaporeon|Rest|p2a: Vaporeon
|-status|p2a: Vaporeon|slp|[from] move: Rest
|-heal|p2a: Vaporeon|100/100 slp|[silent]
|move|p1a: Snorlax|Double-Edge|p2a: Vaporeon
|-damage|p2a: Vaporeon|59/100 slp
|-damage|p1a: Snorlax|78/100|[from] Recoil|[of] p2a: Vaporeon
|
|-heal|p2a: Vaporeon|65/100 slp|[from] item: Leftovers
|-heal|p1a: Snorlax|84/100|[from] item: Leftovers
|upkeep
|turn|71
|
|t:|1778881656
|cant|p2a: Vaporeon|slp
|move|p2a: Vaporeon|Sleep Talk|p2a: Vaporeon
|move|p2a: Vaporeon|Surf|p1a: Snorlax|[from] Sleep Talk
|-damage|p1a: Snorlax|52/100
|move|p1a: Snorlax|Double-Edge|p2a: Vaporeon
|-damage|p2a: Vaporeon|21/100 slp
|-damage|p1a: Snorlax|43/100|[from] Recoil|[of] p2a: Vaporeon
|
|-heal|p2a: Vaporeon|27/100 slp|[from] item: Leftovers
|-heal|p1a: Snorlax|49/100|[from] item: Leftovers
|upkeep
|turn|72
|
|t:|1778881658
|cant|p2a: Vaporeon|slp
|move|p2a: Vaporeon|Sleep Talk|p2a: Vaporeon
|move|p2a: Vaporeon|Rest|p2a: Vaporeon|[from] Sleep Talk
|-status|p2a: Vaporeon|slp|[from] move: Rest
|-heal|p2a: Vaporeon|100/100 slp|[silent]
|move|p1a: Snorlax|Double-Edge|p2a: Vaporeon
|-damage|p2a: Vaporeon|55/100 slp
|-damage|p1a: Snorlax|39/100|[from] Recoil|[of] p2a: Vaporeon
|
|-heal|p2a: Vaporeon|61/100 slp|[from] item: Leftovers
|-heal|p1a: Snorlax|45/100|[from] item: Leftovers
|upkeep
|turn|73
|
|t:|1778881660
|cant|p2a: Vaporeon|slp
|move|p2a: Vaporeon|Sleep Talk|p2a: Vaporeon
|move|p2a: Vaporeon|Growth|p2a: Vaporeon|[from] Sleep Talk
|-boost|p2a: Vaporeon|spa|1
|move|p1a: Snorlax|Rest|p1a: Snorlax
|-status|p1a: Snorlax|slp|[from] move: Rest
|-heal|p1a: Snorlax|100/100 slp|[silent]
|
|-heal|p2a: Vaporeon|67/100 slp|[from] item: Leftovers
|upkeep
|turn|74
|
|t:|1778881662
|cant|p2a: Vaporeon|slp
|move|p2a: Vaporeon|Sleep Talk|p2a: Vaporeon
|move|p2a: Vaporeon|Rest|p2a: Vaporeon|[from] Sleep Talk
|-status|p2a: Vaporeon|slp|[from] move: Rest
|-heal|p2a: Vaporeon|100/100 slp|[silent]
|cant|p1a: Snorlax|slp
|move|p1a: Snorlax|Sleep Talk|p1a: Snorlax
|move|p1a: Snorlax|Rest|p1a: Snorlax|[from] Sleep Talk
|-fail|p1a: Snorlax
|
|upkeep
|turn|75
|
|t:|1778881665
|cant|p2a: Vaporeon|slp
|move|p2a: Vaporeon|Sleep Talk|p2a: Vaporeon
|move|p2a: Vaporeon|Surf|p1a: Snorlax|[from] Sleep Talk
|-damage|p1a: Snorlax|60/100 slp
|cant|p1a: Snorlax|slp
|move|p1a: Snorlax|Sleep Talk|p1a: Snorlax
|move|p1a: Snorlax|Rest|p1a: Snorlax|[from] Sleep Talk
|-status|p1a: Snorlax|slp|[from] move: Rest
|-heal|p1a: Snorlax|100/100 slp|[silent]
|
|upkeep
|turn|76
|
|t:|1778881667
|cant|p2a: Vaporeon|slp
|move|p2a: Vaporeon|Sleep Talk|p2a: Vaporeon
|move|p2a: Vaporeon|Growth|p2a: Vaporeon|[from] Sleep Talk
|-boost|p2a: Vaporeon|spa|1
|cant|p1a: Snorlax|slp
|move|p1a: Snorlax|Sleep Talk|p1a: Snorlax
|move|p1a: Snorlax|Double-Edge|p2a: Vaporeon|[from] Sleep Talk
|-damage|p2a: Vaporeon|58/100 slp
|-damage|p1a: Snorlax|91/100 slp|[from] Recoil|[of] p2a: Vaporeon
|
|-heal|p2a: Vaporeon|64/100 slp|[from] item: Leftovers
|-heal|p1a: Snorlax|97/100 slp|[from] item: Leftovers
|upkeep
|turn|77
|
|t:|1778881669
|-curestatus|p2a: Vaporeon|slp|[msg]
|move|p2a: Vaporeon|Surf|p1a: Snorlax
|-damage|p1a: Snorlax|47/100 slp
|cant|p1a: Snorlax|slp
|move|p1a: Snorlax|Sleep Talk|p1a: Snorlax
|move|p1a: Snorlax|Double-Edge|p2a: Vaporeon|[from] Sleep Talk
|-crit|p2a: Vaporeon
|-damage|p2a: Vaporeon|0 fnt
|-damage|p1a: Snorlax|33/100 slp|[from] Recoil|[of] p2a: Vaporeon
|faint|p2a: Vaporeon
|c|☆justifine|nooo
|c|☆s.islands|goat
|
|t:|1778881677
|switch|p2a: Snorlax|Snorlax, M|48/100
|
|-heal|p1a: Snorlax|40/100 slp|[from] item: Leftovers
|-heal|p2a: Snorlax|54/100|[from] item: Leftovers
|upkeep
|turn|78
|
|t:|1778881681
|switch|p1a: Skarmory|Skarmory, M|89/100 slp
|move|p2a: Snorlax|Double-Edge|p1a: Skarmory
|-resisted|p1a: Skarmory
|-damage|p1a: Skarmory|72/100 slp
|-damage|p2a: Snorlax|52/100|[from] Recoil|[of] p1a: Skarmory
|
|-heal|p1a: Skarmory|78/100 slp|[from] item: Leftovers
|-heal|p2a: Snorlax|58/100|[from] item: Leftovers
|upkeep
|turn|79
|
|t:|1778881684
|cant|p1a: Skarmory|slp
|move|p1a: Skarmory|Sleep Talk|p1a: Skarmory
|move|p1a: Skarmory|Curse|p1a: Skarmory|[from] Sleep Talk
|-unboost|p1a: Skarmory|spe|1
|-boost|p1a: Skarmory|atk|1
|-boost|p1a: Skarmory|def|1
|move|p2a: Snorlax|Double-Edge|p1a: Skarmory
|-resisted|p1a: Skarmory
|-damage|p1a: Skarmory|65/100 slp
|-damage|p2a: Snorlax|56/100|[from] Recoil|[of] p1a: Skarmory
|
|-heal|p2a: Snorlax|62/100|[from] item: Leftovers
|-heal|p1a: Skarmory|71/100 slp|[from] item: Leftovers
|upkeep
|turn|80
|
|t:|1778881687
|move|p2a: Snorlax|Double-Edge|p1a: Skarmory
|-resisted|p1a: Skarmory
|-damage|p1a: Skarmory|59/100 slp
|-damage|p2a: Snorlax|60/100|[from] Recoil|[of] p1a: Skarmory
|cant|p1a: Skarmory|slp
|move|p1a: Skarmory|Sleep Talk|p1a: Skarmory
|move|p1a: Skarmory|Toxic|p2a: Snorlax|[from] Sleep Talk
|-status|p2a: Snorlax|tox
|
|-heal|p2a: Snorlax|66/100 tox|[from] item: Leftovers
|-heal|p1a: Skarmory|65/100 slp|[from] item: Leftovers
|upkeep
|turn|81
|
|t:|1778881691
|move|p2a: Snorlax|Lovely Kiss|p1a: Skarmory
|-fail|p1a: Skarmory|slp
|-damage|p2a: Snorlax|60/100 tox|[from] psn
|-curestatus|p1a: Skarmory|slp|[msg]
|move|p1a: Skarmory|Rest|p1a: Skarmory
|-status|p1a: Skarmory|slp|[from] move: Rest
|-heal|p1a: Skarmory|100/100 slp|[silent]
|
|-heal|p2a: Snorlax|66/100 tox|[from] item: Leftovers
|upkeep
|turn|82
|-message|justifine forfeited.
|
|win|s.islands
